{"data":{"categoryProductSearch":{"products":[{"available":true,"averageRating":null,"numberOfReviews":null,"manufacturerName":"Sheba","manufacturerSubBrandName":null,"code":"S2017061404155690000","badges":[],"badgeBrand":null,"promoBadges":null,"delivered":null,"littleLion":false,"freshnessDuration":0,"freshnessDurationTipFormatted":"Dit product zal 0 dagen vers blijven","frozen":false,"recyclable":false,"images":[{"format":"thumbnail","imageType":"PRIMARY","url":"/medias/sys_master/h61/h0a/11088177627166.jpg","__typename":"Image"},{"format":"thumbnailGrid","imageType":"PRIMARY","url":"/medias/sys_master/h84/h14/11088177561630.jpg","__typename":"Image"},{"format":"respListGrid","imageType":"PRIMARY","url":"/medias/sys_master/hdf/hcf/11088177889310.jpg","__typename":"Image"},{"format":"zoom","imageType":"PRIMARY","url":"/medias/sys_master/h90/hda/11088177496094.jpg","__typename":"Image"}],"maxOrderQuantity":250,"limitedAssortment":null,"name":"Kattenvoeding | Zalm","onlineExclusive":false,"potentialPromotions":[],"price":{"approximatePriceSymbol":"+/-","currencySymbol":"€","formattedValue":"€0,79","priceType":"BUY","supplementaryPriceLabel1":"9,29 €/kg","supplementaryPriceLabel2":"85 gr","showStrikethroughPrice":false,"discountedPriceFormatted":"€0,79","discountedUnitPriceFormatted":"0,79 €/kg","unit":"piece","unitPriceFormatted":"0,79","unitCode":"pieces","unitPrice":0.79,"value":0.79,"__typename":"Price"},"purchasable":null,"productProposedPackaging":1,"productProposedPackaging2":null,"stock":{"inStock":true,"inStockBeforeMaxAdvanceOrderingDate":false,"partiallyInStock":false,"availableFromDate":null,"__typename":"Stock"},"url":"/nl-be/shop/Huisdieren/Katten/Natvoer-kat/Schaaltjes/Kattenvoeding-Zalm/p/S2017061404155690000","previouslyBought":false,"nutriScoreLetter":null,"isLowPriceGuarantee":null,"freeGift":null,"plasticFee":false,"__typename":"Product"},{"available":true,"averageRating":null,"numberOfReviews":null,"manufacturerName":"Sheba","manufacturerSubBrandName":null,"code":"S2017061404155740000","badges":[],"badgeBrand":null,"promoBadges":null,"delivered":null,"littleLion":false,"freshnessDuration":0,"freshnessDurationTipFormatted":"Dit product zal 0 dagen vers blijven","frozen":false,"recyclable":false,"images":[{"format":"thumbnail","imageType":"PRIMARY","url":"/medias/sys_master/h47/h5e/11120276766750.jpg","__typename":"Image"},{"format":"thumbnailGrid","imageType":"PRIMARY","url":"/medias/sys_master/hed/hc1/11120276701214.jpg","__typename":"Image"},{"format":"respListGrid","imageType":"PRIMARY","url":"/medias/sys_master/had/h5e/11120277028894.jpg","__typename":"Image"},{"format":"zoom","imageType":"PRIMARY","url":"/medias/sys_master/hbf/h35/11120276635678.jpg","__typename":"Image"}],"maxOrderQuantity":250,"limitedAssortment":null,"name":"Kattenvoeding | Konijn-wild","onlineExclusive":false,"potentialPromotions":[],"price":{"approximatePriceSymbol":"+/-","currencySymbol":"€","formattedValue":"€0,69","priceType":"BUY","supplementaryPriceLabel1":"8,12 €/kg","supplementaryPriceLabel2":"85 gr","showStrikethroughPrice":false,"discountedPriceFormatted":"€0,69","discountedUnitPriceFormatted":"0,69 €/kg","unit":"piece","unitPriceFormatted":"0,69","unitCode":"pieces","unitPrice":0.69,"value":0.69,"__typename":"Price"},"purchasable":null,"productProposedPackaging":1,"productProposedPackaging2":null,"stock":{"inStock":true,"inStockBeforeMaxAdvanceOrderingDate":false,"partiallyInStock":false,"availableFromDate":null,"__typename":"Stock"},"url":"/nl-be/shop/Huisdieren/Katten/Natvoer-kat/Schaaltjes/Kattenvoeding-Konijn-wild/p/S2017061404155740000","previouslyBought":false,"nutriScoreLetter":null,"isLowPriceGuarantee":null,"freeGift":null,"plasticFee":false,"__typename":"Product"},{"available":true,"averageRating":null,"numberOfReviews":null,"manufacturerName":"Nutella","manufacturerSubBrandName":null,"code":"S2017080804171560000","badges":[],"badgeBrand":null,"promoBadges":null,"delivered":null,"littleLion":false,"freshnessDuration":0,"freshnessDurationTipFormatted":"Dit product zal 0 dagen vers blijven","frozen":false,"recyclable":false,"images":[{"format":"thumbnail","imageType":"PRIMARY","url":"/medias/sys_master/h30/h0a/11526435635230.jpg","__typename":"Image"},{"format":"thumbnailGrid","imageType":"PRIMARY","url":"/medias/sys_master/h5e/h96/11526435569694.jpg","__typename":"Image"},{"format":"respListGrid","imageType":"PRIMARY","url":"/medias/sys_master/hf4/he5/11526435897374.jpg","__typename":"Image"},{"format":"zoom","imageType":"PRIMARY","url":"/medias/sys_master/hd7/h89/11526435504158.jpg","__typename":"Image"}],"maxOrderQuantity":250,"limitedAssortment":null,"name":"Koek | B-ready T6","onlineExclusive":false,"potentialPromotions":[],"price":{"approximatePriceSymbol":"+/-","currencySymbol":"€","formattedValue":"€2,29","priceType":"BUY","supplementaryPriceLabel1":"17,35 €/kg","supplementaryPriceLabel2":"132 gr","showStrikethroughPrice":false,"discountedPriceFormatted":"€2,29","discountedUnitPriceFormatted":"2,29 €/kg","unit":"piece","unitPriceFormatted":"2,29","unitCode":"pieces","unitPrice":2.29,"value":2.29,"__typename":"Price"},"purchasable":null,"productProposedPackaging":1,"productProposedPackaging2":null,"stock":{"inStock":true,"inStockBeforeMaxAdvanceOrderingDate":false,"partiallyInStock":false,"availableFromDate":null,"__typename":"Stock"},"url":"/nl-be/shop/Zoete-kruidenierswaren/Koekjes/Droge-koekjes/Chocolade/Koek-B-ready-T6/p/S2017080804171560000","previouslyBought":false,"nutriScoreLetter":"Z","isLowPriceGuarantee":null,"freeGift":null,"plasticFee":false,"__typename":"Product"},{"available":true,"averageRating":null,"numberOfReviews":null,"manufacturerName":"Delhaize","manufacturerSubBrandName":"Bio","code":"S2017090804176120000","badges":[],"badgeBrand":null,"promoBadges":null,"delivered":null,"littleLion":false,"freshnessDuration":0,"freshnessDurationTipFormatted":"Dit product zal 0 dagen vers blijven","frozen":false,"recyclable":false,"images":[{"format":"thumbnail","imageType":"PRIMARY","url":"/medias/sys_master/h35/h1f/11590732578846.jpg","__typename":"Image"},{"format":"thumbnailGrid","imageType":"PRIMARY","url":"/medias/sys_master/haf/hfe/11590732513310.jpg","__typename":"Image"},{"format":"respListGrid","imageType":"PRIMARY","url":"/medias/sys_master/h74/h5b/11590732840990.jpg","__typename":"Image"},{"format":"zoom","imageType":"PRIMARY","url":"/medias/sys_master/h81/h72/11590732447774.jpg","__typename":"Image"}],"maxOrderQuantity":250,"limitedAssortment":null,"name":"Tomaten | Gepeld | Bio","onlineExclusive":false,"potentialPromotions":[],"price":{"approximatePriceSymbol":"+/-","currencySymbol":"€","formattedValue":"€1,15","priceType":"BUY","supplementaryPriceLabel1":"2,88 €/kg","supplementaryPriceLabel2":"400 gr","showStrikethroughPrice":false,"discountedPriceFormatted":"€1,15","discountedUnitPriceFormatted":"1,15 €/kg","unit":"piece","unitPriceFormatted":"1,15","unitCode":"pieces","unitPrice":1.15,"value":1.15,"__typename":"Price"},"purchasable":null,"productProposedPackaging":1,"productProposedPackaging2":null,"stock":{"inStock":true,"inStockBeforeMaxAdvanceOrderingDate":false,"partiallyInStock":false,"availableFromDate":null,"__typename":"Stock"},"url":"/nl-be/shop/Conserven/Groenten-in-conserve/Tomaten-in-conserve/Gepelde-tomaten-in-conserve/Tomaten-Gepeld-Bio/p/S2017090804176120000","previouslyBought":false,"nutriScoreLetter":"A","isLowPriceGuarantee":null,"freeGift":null,"plasticFee":false,"__typename":"Product"},{"available":true,"averageRating":null,"numberOfReviews":null,"manufacturerName":"Kinder","manufacturerSubBrandName":null,"code":"S2017072804161700000","badges":[],"badgeBrand":null,"promoBadges":null,"delivered":null,"littleLion":false,"freshnessDuration":0,"freshnessDurationTipFormatted":"Dit product zal 0 dagen vers blijven","frozen":false,"recyclable":false,"images":[{"format":"thumbnail","imageType":"PRIMARY","url":"/medias/sys_master/hfb/h87/11526388383774.jpg","__typename":"Image"},{"format":"thumbnailGrid","imageType":"PRIMARY","url":"/medias/sys_master/hd5/h5c/11526388318238.jpg","__typename":"Image"},{"format":"respListGrid","imageType":"PRIMARY","url":"/medias/sys_master/h5a/h01/11526388645918.jpg","__typename":"Image"},{"format":"zoom","imageType":"PRIMARY","url":"/medias/sys_master/hef/h3d/11526388252702.jpg","__typename":"Image"}],"maxOrderQuantity":250,"limitedAssortment":null,"name":"Chocolade | Graanreep","onlineExclusive":false,"potentialPromotions":[],"price":{"approximatePriceSymbol":"+/-","currencySymbol":"€","formattedValue":"€2,35","priceType":"BUY","supplementaryPriceLabel1":"16,67 €/kg","supplementaryPriceLabel2":"141 gr","showStrikethroughPrice":false,"discountedPriceFormatted":"€2,35","discountedUnitPriceFormatted":"2,35 €/kg","unit":"piece","unitPriceFormatted":"2,35","unitCode":"pieces","unitPrice":2.35,"value":2.35,"__typename":"Price"},"purchasable":null,"productProposedPackaging":1,"productProposedPackaging2":null,"stock":{"inStock":true,"inStockBeforeMaxAdvanceOrderingDate":false,"partiallyInStock":false,"availableFromDate":null,"__typename":"Stock"},"url":"/nl-be/shop/Zoete-kruidenierswaren/Chocolade/Chocolade-snoepjes/Chocolade-Graanreep/p/S2017072804161700000","previouslyBought":false,"nutriScoreLetter":"Z","isLowPriceGuarantee":null,"freeGift":null,"plasticFee":false,"__typename":"Product"},{"available":true,"averageRating":null,"numberOfReviews":null,"manufacturerName":"Belviva","manufacturerSubBrandName":null,"code":"S2017121501372210000","badges":[],"badgeBrand":null,"promoBadges":null,"delivered":null,"littleLion":false,"freshnessDuration":0,"freshnessDurationTipFormatted":"Dit product zal 0 dagen vers blijven","frozen":true,"recyclable":false,"images":[{"format":"thumbnail","imageType":"PRIMARY","url":"/medias/sys_master/h3a/hac/11668081246238.jpg","__typename":"Image"},{"format":"thumbnailGrid","imageType":"PRIMARY","url":"/medias/sys_master/h55/h8d/11668081180702.jpg","__typename":"Image"},{"format":"respListGrid","imageType":"PRIMARY","url":"/medias/sys_master/h77/h22/11668081508382.jpg","__typename":"Image"},{"format":"zoom","imageType":"PRIMARY","url":"/medias/sys_master/h82/h1a/11668081115166.jpg","__typename":"Image"}],"maxOrderQuantity":250,"limitedAssortment":null,"name":"Kroketten | Oven","onlineExclusive":false,"potentialPromotions":[],"price":{"approximatePriceSymbol":"+/-","currencySymbol":"€","formattedValue":"€4,19","priceType":"BUY","supplementaryPriceLabel1":"5,59 €/kg","supplementaryPriceLabel2":"750 gr","showStrikethroughPrice":false,"discountedPriceFormatted":"€4,19","discountedUnitPriceFormatted":"4,19 €/kg","unit":"piece","unitPriceFormatted":"4,19","unitCode":"pieces","unitPrice":4.19,"value":4.19,"__typename":"Price"},"purchasable":null,"productProposedPackaging":1,"productProposedPackaging2":null,"stock":{"inStock":true,"inStockBeforeMaxAdvanceOrderingDate":false,"partiallyInStock":false,"availableFromDate":null,"__typename":"Stock"},"url":"/nl-be/shop/Diepvries/Frieten-en-aardappelproducten/Diepvries-kroketten/Kroketten-Oven/p/S2017121501372210000","previouslyBought":false,"nutriScoreLetter":"B","isLowPriceGuarantee":null,"freeGift":null,"plasticFee":false,"__typename":"Product"},{"available":true,"averageRating":null,"numberOfReviews":null,"manufacturerName":"Cécémel","manufacturerSubBrandName":null,"code":"S2017121901373220000","badges":[],"badgeBrand":null,"promoBadges":null,"delivered":null,"littleLion":false,"freshnessDuration":0,"freshnessDurationTipFormatted":"Dit product zal 0 dagen vers blijven","frozen":false,"recyclable":false,"images":[{"format":"thumbnail","imageType":"PRIMARY","url":"/medias/sys_master/h51/h2f/11232179126302.jpg","__typename":"Image"},{"format":"thumbnailGrid","imageType":"PRIMARY","url":"/medias/sys_master/h8f/h39/11232179060766.jpg","__typename":"Image"},{"format":"respListGrid","imageType":"PRIMARY","url":"/medias/sys_master/heb/hf4/11232179388446.jpg","__typename":"Image"},{"format":"zoom","imageType":"PRIMARY","url":"/medias/sys_master/had/hc9/11232178995230.jpg","__typename":"Image"}],"maxOrderQuantity":250,"limitedAssortment":null,"name":"Chocolademelk | Less Sugar | Tetra","onlineExclusive":false,"potentialPromotions":[{"alternativePromotionMessage":null,"alternativePromotionBadge":null,"code":"BE11054452","priceToBurn":0,"promotionType":"Buy X Get Percentage Off All Products","pickAndMix":true,"qualifyingCount":4,"freeCount":null,"range":true,"redemptionLevel":"MASS","toDisplay":true,"description":"3+1 gratis","title":"3+1_gratis","promoBooster":false,"simplePromotionMessage":"-25% bij aankoop van 4 producten","offerType":null,"restrictionType":null,"priority":null,"__typename":"Promotion"}],"price":{"approximatePriceSymbol":"+/-","currencySymbol":"€","formattedValue":"€2,59","priceType":"BUY","supplementaryPriceLabel1":"2,59 €/l","supplementaryPriceLabel2":"1 l","showStrikethroughPrice":false,"discountedPriceFormatted":"€2,59","discountedUnitPriceFormatted":"2,59 €/l","unit":"piece","unitPriceFormatted":"2,59","unitCode":"pieces","unitPrice":2.59,"value":2.59,"__typename":"Price"},"purchasable":null,"productProposedPackaging":1,"productProposedPackaging2":null,"stock":{"inStock":true,"inStockBeforeMaxAdvanceOrderingDate":false,"partiallyInStock":false,"availableFromDate":null,"__typename":"Stock"},"url":"/nl-be/shop/Dranken-en-alcohol/Melk-en-alternatieven/Gearomatiseerde-melk/Chocolademelk-Less-Sugar-Tetra/p/S2017121901373220000","previouslyBought":false,"nutriScoreLetter":"B","isLowPriceGuarantee":null,"freeGift":null,"plasticFee":false,"__typename":"Product"},{"available":true,"averageRating":null,"numberOfReviews":null,"manufacturerName":"Cécémel","manufacturerSubBrandName":null,"code":"S2017122101373640000","badges":[],"badgeBrand":null,"promoBadges":null,"delivered":null,"littleLion":false,"freshnessDuration":0,"freshnessDurationTipFormatted":"Dit product zal 0 dagen vers blijven","frozen":false,"recyclable":false,"images":[{"format":"thumbnail","imageType":"PRIMARY","url":"/medias/sys_master/h37/hc7/11230858870814.jpg","__typename":"Image"},{"format":"thumbnailGrid","imageType":"PRIMARY","url":"/medias/sys_master/h64/h54/11230858805278.jpg","__typename":"Image"},{"format":"respListGrid","imageType":"PRIMARY","url":"/medias/sys_master/h41/h0a/11230859132958.jpg","__typename":"Image"},{"format":"zoom","imageType":"PRIMARY","url":"/medias/sys_master/h71/hd5/11230858739742.jpg","__typename":"Image"}],"maxOrderQuantity":250,"limitedAssortment":null,"name":"Chocolademelk | Less Sugar | Tetra","onlineExclusive":false,"potentialPromotions":[{"alternativePromotionMessage":null,"alternativePromotionBadge":null,"code":"BE11054452","priceToBurn":0,"promotionType":"Buy X Get Percentage Off All Products","pickAndMix":true,"qualifyingCount":4,"freeCount":null,"range":true,"redemptionLevel":"MASS","toDisplay":true,"description":"3+1 gratis","title":"3+1_gratis","promoBooster":false,"simplePromotionMessage":"-25% bij aankoop van 4 producten","offerType":null,"restrictionType":null,"priority":null,"__typename":"Promotion"}],"price":{"approximatePriceSymbol":"+/-","currencySymbol":"€","formattedValue":"€3,69","priceType":"BUY","supplementaryPriceLabel1":"3,08 €/l","supplementaryPriceLabel2":"6 x 20 cl","showStrikethroughPrice":false,"discountedPriceFormatted":"€3,69","discountedUnitPriceFormatted":"3,69 €/l","unit":"piece","unitPriceFormatted":"3,69","unitCode":"pieces","unitPrice":3.69,"value":3.69,"__typename":"Price"},"purchasable":null,"productProposedPackaging":1,"productProposedPackaging2":null,"stock":{"inStock":true,"inStockBeforeMaxAdvanceOrderingDate":false,"partiallyInStock":false,"availableFromDate":null,"__typename":"Stock"},"url":"/nl-be/shop/Dranken-en-alcohol/Melk-en-alternatieven/Gearomatiseerde-melk/Chocolademelk-Less-Sugar-Tetra/p/S2017122101373640000","previouslyBought":false,"nutriScoreLetter":"B","isLowPriceGuarantee":null,"freeGift":null,"plasticFee":false,"__typename":"Product"},{"available":true,"averageRating":null,"numberOfReviews":null,"manufacturerName":"Delhaize","manufacturerSubBrandName":null,"code":"S2017122101373760000","badges":[],"badgeBrand":null,"promoBadges":null,"delivered":null,"littleLion":false,"freshnessDuration":0,"freshnessDurationTipFormatted":"Dit product zal 0 dagen vers blijven","frozen":true,"recyclable":false,"images":[{"format":"thumbnail","imageType":"PRIMARY","url":"/medias/sys_master/h6c/h3b/11211702108190.jpg","__typename":"Image"},{"format":"thumbnailGrid","imageType":"PRIMARY","url":"/medias/sys_master/h37/h1a/11211702042654.jpg","__typename":"Image"},{"format":"respListGrid","imageType":"PRIMARY","url":"/medias/sys_master/hcc/h69/11211702370334.jpg","__typename":"Image"},{"format":"zoom","imageType":"PRIMARY","url":"/medias/sys_master/h36/h78/11211701977118.jpg","__typename":"Image"}],"maxOrderQuantity":250,"limitedAssortment":null,"name":"4 Kaaskroketten","onlineExclusive":false,"potentialPromotions":[{"alternativePromotionMessage":null,"alternativePromotionBadge":null,"code":"BE11043073","priceToBurn":0,"promotionType":"Buy X Get Percentage Off All Products","pickAndMix":true,"qualifyingCount":2,"freeCount":null,"range":true,"redemptionLevel":"MASS","toDisplay":true,"description":"2de tegen -50%","title":"2de tegen -50%","promoBooster":false,"simplePromotionMessage":"-25% bij aankoop van 2 producten","offerType":null,"restrictionType":null,"priority":null,"__typename":"Promotion"}],"price":{"approximatePriceSymbol":"+/-","currencySymbol":"€","formattedValue":"€2,89","priceType":"BUY","supplementaryPriceLabel1":"11,56 €/kg","supplementaryPriceLabel2":"250 gr","showStrikethroughPrice":false,"discountedPriceFormatted":"€2,89","discountedUnitPriceFormatted":"2,89 €/kg","unit":"piece","unitPriceFormatted":"2,89","unitCode":"pieces","unitPrice":2.89,"value":2.89,"__typename":"Price"},"purchasable":null,"productProposedPackaging":1,"productProposedPackaging2":null,"stock":{"inStock":true,"inStockBeforeMaxAdvanceOrderingDate":false,"partiallyInStock":false,"availableFromDate":null,"__typename":"Stock"},"url":"/nl-be/shop/Diepvries/Bereide-schotels/Voorgerechten/Croquettes/4-Kaaskroketten/p/S2017122101373760000","previouslyBought":false,"nutriScoreLetter":"D","isLowPriceGuarantee":null,"freeGift":null,"plasticFee":false,"__typename":"Product"},{"available":true,"averageRating":null,"numberOfReviews":null,"manufacturerName":"Fever-Tree","manufacturerSubBrandName":null,"code":"S2017122201373970000","badges":[],"badgeBrand":null,"promoBadges":null,"delivered":null,"littleLion":false,"freshnessDuration":0,"freshnessDurationTipFormatted":"Dit product zal 0 dagen vers blijven","frozen":false,"recyclable":false,"images":[{"format":"thumbnail","imageType":"PRIMARY","url":"/medias/sys_master/h1d/h30/11212132483102.jpg","__typename":"Image"},{"format":"thumbnailGrid","imageType":"PRIMARY","url":"/medias/sys_master/h4a/haf/11212132417566.jpg","__typename":"Image"},{"format":"respListGrid","imageType":"PRIMARY","url":"/medias/sys_master/he0/hfe/11212132745246.jpg","__typename":"Image"},{"format":"zoom","imageType":"PRIMARY","url":"/medias/sys_master/hd5/hc1/11212132352030.jpg","__typename":"Image"}],"maxOrderQuantity":250,"limitedAssortment":null,"name":"Fever Tree Ginger Beer 500 ml |Premium Mixer|Fever-Tree Ginger Beer 50cl","onlineExclusive":false,"potentialPromotions":[],"price":{"approximatePriceSymbol":"+/-","currencySymbol":"€","formattedValue":"€3,89","priceType":"BUY","supplementaryPriceLabel1":"7,78 €/l","supplementaryPriceLabel2":"50 cl","showStrikethroughPrice":false,"discountedPriceFormatted":"€3,89","discountedUnitPriceFormatted":"3,89 €/l","unit":"piece","unitPriceFormatted":"3,89","unitCode":"pieces","unitPrice":3.89,"value":3.89,"__typename":"Price"},"purchasable":null,"productProposedPackaging":1,"productProposedPackaging2":null,"stock":{"inStock":true,"inStockBeforeMaxAdvanceOrderingDate":false,"partiallyInStock":false,"availableFromDate":null,"__typename":"Stock"},"url":"/nl-be/shop/Dranken-en-alcohol/Alcohol/Cocktails/Mixers/Fever-Tree-Ginger-Beer-500-ml-Premium-Mixer-Fever-Tree-Ginger-Beer-50cl/p/S2017122201373970000","previouslyBought":false,"nutriScoreLetter":"E","isLowPriceGuarantee":null,"freeGift":null,"plasticFee":false,"__typename":"Product"},{"available":true,"averageRating":null,"numberOfReviews":null,"manufacturerName":"Belviva","manufacturerSubBrandName":null,"code":"S2018011900018270000","badges":[],"badgeBrand":null,"promoBadges":null,"delivered":null,"littleLion":false,"freshnessDuration":0,"freshnessDurationTipFormatted":"Dit product zal 0 dagen vers blijven","frozen":true,"recyclable":false,"images":[{"format":"thumbnail","imageType":"PRIMARY","url":"/medias/sys_master/h57/h58/11211910709278.jpg","__typename":"Image"},{"format":"thumbnailGrid","imageType":"PRIMARY","url":"/medias/sys_master/h71/h39/11211910643742.jpg","__typename":"Image"},{"format":"respListGrid","imageType":"PRIMARY","url":"/medias/sys_master/h07/h89/11211910971422.jpg","__typename":"Image"},{"format":"zoom","imageType":"PRIMARY","url":"/medias/sys_master/hef/h44/11211910578206.jpg","__typename":"Image"}],"maxOrderQuantity":250,"limitedAssortment":null,"name":"Frieten | Belgische | Oven","onlineExclusive":false,"potentialPromotions":[],"price":{"approximatePriceSymbol":"+/-","currencySymbol":"€","formattedValue":"€4,45","priceType":"BUY","supplementaryPriceLabel1":"7,42 €/kg","supplementaryPriceLabel2":"600 gr","showStrikethroughPrice":false,"discountedPriceFormatted":"€4,45","discountedUnitPriceFormatted":"4,45 €/kg","unit":"piece","unitPriceFormatted":"4,45","unitCode":"pieces","unitPrice":4.45,"value":4.45,"__typename":"Price"},"purchasable":null,"productProposedPackaging":1,"productProposedPackaging2":null,"stock":{"inStock":true,"inStockBeforeMaxAdvanceOrderingDate":false,"partiallyInStock":false,"availableFromDate":null,"__typename":"Stock"},"url":"/nl-be/shop/Diepvries/Frieten-en-aardappelproducten/Diepvriesfrieten/Frieten-Belgische-Oven/p/S2018011900018270000","previouslyBought":false,"nutriScoreLetter":"A","isLowPriceGuarantee":null,"freeGift":null,"plasticFee":false,"__typename":"Product"},{"available":true,"averageRating":null,"numberOfReviews":null,"manufacturerName":"Douwe Egberts","manufacturerSubBrandName":null,"code":"S2018020500022290000","badges":[],"badgeBrand":null,"promoBadges":null,"delivered":null,"littleLion":false,"freshnessDuration":0,"freshnessDurationTipFormatted":"Dit product zal 0 dagen vers blijven","frozen":false,"recyclable":false,"images":[{"format":"thumbnail","imageType":"PRIMARY","url":"/medias/sys_master/hf9/hf9/11211779964958.jpg","__typename":"Image"},{"format":"thumbnailGrid","imageType":"PRIMARY","url":"/medias/sys_master/hf5/h89/11211779899422.jpg","__typename":"Image"},{"format":"respListGrid","imageType":"PRIMARY","url":"/medias/sys_master/ha8/h51/11211780227102.jpg","__typename":"Image"},{"format":"zoom","imageType":"PRIMARY","url":"/medias/sys_master/h4e/h74/11211779833886.jpg","__typename":"Image"}],"maxOrderQuantity":250,"limitedAssortment":null,"name":"Koffie | Mildou | Aroma pack | Gemalen","onlineExclusive":false,"potentialPromotions":[],"price":{"approximatePriceSymbol":"+/-","currencySymbol":"€","formattedValue":"€4,49","priceType":"BUY","supplementaryPriceLabel1":"17,96 €/kg","supplementaryPriceLabel2":"250 gr","showStrikethroughPrice":false,"discountedPriceFormatted":"€4,49","discountedUnitPriceFormatted":"4,49 €/kg","unit":"piece","unitPriceFormatted":"4,49","unitCode":"pieces","unitPrice":4.49,"value":4.49,"__typename":"Price"},"purchasable":null,"productProposedPackaging":1,"productProposedPackaging2":null,"stock":{"inStock":true,"inStockBeforeMaxAdvanceOrderingDate":false,"partiallyInStock":false,"availableFromDate":null,"__typename":"Stock"},"url":"/nl-be/shop/Zoete-kruidenierswaren/Ontbijt/Koffie/Gemalen/Koffie-Mildou-Aroma-pack-Gemalen/p/S2018020500022290000","previouslyBought":false,"nutriScoreLetter":"B","isLowPriceGuarantee":null,"freeGift":null,"plasticFee":false,"__typename":"Product"},{"available":true,"averageRating":null,"numberOfReviews":null,"manufacturerName":"Cocagne","manufacturerSubBrandName":null,"code":"S2018013000021150000","badges":[],"badgeBrand":null,"promoBadges":null,"delivered":null,"littleLion":false,"freshnessDuration":0,"freshnessDurationTipFormatted":"Dit product zal 0 dagen vers blijven","frozen":false,"recyclable":false,"images":[{"format":"thumbnail","imageType":"PRIMARY","url":"/medias/sys_master/hb3/h8a/11230734483486.jpg","__typename":"Image"},{"format":"thumbnailGrid","imageType":"PRIMARY","url":"/medias/sys_master/he8/h4b/11230734417950.jpg","__typename":"Image"},{"format":"respListGrid","imageType":"PRIMARY","url":"/medias/sys_master/hac/h03/11230734745630.jpg","__typename":"Image"},{"format":"zoom","imageType":"PRIMARY","url":"/medias/sys_master/ha7/h40/11230734352414.jpg","__typename":"Image"}],"maxOrderQuantity":250,"limitedAssortment":null,"name":"Sardienen | Olijfolie | Zonder vel/graten","onlineExclusive":false,"potentialPromotions":[],"price":{"approximatePriceSymbol":"+/-","currencySymbol":"€","formattedValue":"€2,95","priceType":"BUY","supplementaryPriceLabel1":"28,10 €/kg","supplementaryPriceLabel2":"105 gr","showStrikethroughPrice":false,"discountedPriceFormatted":"€2,95","discountedUnitPriceFormatted":"2,95 €/kg","unit":"piece","unitPriceFormatted":"2,95","unitCode":"pieces","unitPrice":2.95,"value":2.95,"__typename":"Price"},"purchasable":null,"productProposedPackaging":1,"productProposedPackaging2":null,"stock":{"inStock":true,"inStockBeforeMaxAdvanceOrderingDate":false,"partiallyInStock":false,"availableFromDate":null,"__typename":"Stock"},"url":"/nl-be/shop/Conserven/Vis-in-conserve/Sardienen-in-conserve/Sardienen-Olijfolie-Zonder-vel-graten/p/S2018013000021150000","previouslyBought":false,"nutriScoreLetter":"B","isLowPriceGuarantee":null,"freeGift":null,"plasticFee":false,"__typename":"Product"},{"available":true,"averageRating":null,"numberOfReviews":null,"manufacturerName":"365","manufacturerSubBrandName":null,"code":"S2018022700032170000","badges":[],"badgeBrand":null,"promoBadges":null,"delivered":null,"littleLion":false,"freshnessDuration":0,"freshnessDurationTipFormatted":"Dit product zal 0 dagen vers blijven","frozen":false,"recyclable":false,"images":[{"format":"thumbnail","imageType":"PRIMARY","url":"/medias/sys_master/h5b/hd0/11688135327774.jpg","__typename":"Image"},{"format":"thumbnailGrid","imageType":"PRIMARY","url":"/medias/sys_master/h14/ha3/11688135262238.jpg","__typename":"Image"},{"format":"respListGrid","imageType":"PRIMARY","url":"/medias/sys_master/h35/h0c/11688135589918.jpg","__typename":"Image"},{"format":"zoom","imageType":"PRIMARY","url":"/medias/sys_master/h14/h33/11688135196702.jpg","__typename":"Image"}],"maxOrderQuantity":250,"limitedAssortment":null,"name":"Worsten | Weens","onlineExclusive":false,"potentialPromotions":[],"price":{"approximatePriceSymbol":"+/-","currencySymbol":"€","formattedValue":"€0,75","priceType":"BUY","supplementaryPriceLabel1":"4,17 €/kg","supplementaryPriceLabel2":"180 gr","showStrikethroughPrice":false,"discountedPriceFormatted":"€0,75","discountedUnitPriceFormatted":"0,75 €/kg","unit":"piece","unitPriceFormatted":"0,75","unitCode":"pieces","unitPrice":0.75,"value":0.75,"__typename":"Price"},"purchasable":null,"productProposedPackaging":1,"productProposedPackaging2":null,"stock":{"inStock":true,"inStockBeforeMaxAdvanceOrderingDate":false,"partiallyInStock":false,"availableFromDate":null,"__typename":"Stock"},"url":"/nl-be/shop/Conserven/Vlees-in-conserve/Worsten-Weens/p/S2018022700032170000","previouslyBought":false,"nutriScoreLetter":"C","isLowPriceGuarantee":null,"freeGift":null,"plasticFee":false,"__typename":"Product"},{"available":true,"averageRating":null,"numberOfReviews":null,"manufacturerName":"Delhaize","manufacturerSubBrandName":"Care","code":"S2013120400204360000","badges":[],"badgeBrand":null,"promoBadges":null,"delivered":true,"littleLion":false,"freshnessDuration":0,"freshnessDurationTipFormatted":"Dit product zal 0 dagen vers blijven","frozen":false,"recyclable":false,"images":[{"format":"thumbnail","imageType":"PRIMARY","url":"/medias/sys_master/h13/h06/11437999947806.jpg","__typename":"Image"},{"format":"thumbnailGrid","imageType":"PRIMARY","url":"/medias/sys_master/h48/h4d/11437999882270.jpg","__typename":"Image"},{"format":"respListGrid","imageType":"PRIMARY","url":"/medias/sys_master/h97/h1d/11438000209950.jpg","__typename":"Image"},{"format":"zoom","imageType":"PRIMARY","url":"/medias/sys_master/ha3/h8b/11437999816734.jpg","__typename":"Image"}],"maxOrderQuantity":250,"limitedAssortment":null,"name":"Inlegkruisjes |  Normal | Fresh","onlineExclusive":false,"potentialPromotions":[{"alternativePromotionMessage":null,"alternativePromotionBadge":null,"code":"BE11042919","priceToBurn":0,"promotionType":"Buy X Get Percentage Off All Products","pickAndMix":true,"qualifyingCount":2,"freeCount":null,"range":true,"redemptionLevel":"MASS","toDisplay":true,"description":"2de tegen -50%","title":"2de tegen -50%","promoBooster":false,"simplePromotionMessage":"-25% bij aankoop van 2 producten","offerType":null,"restrictionType":null,"priority":1052,"__typename":"Promotion"}],"price":{"approximatePriceSymbol":"+/-","currencySymbol":"€","formattedValue":"€0,69","priceType":"BUY","supplementaryPriceLabel1":"0,02 €/st","supplementaryPriceLabel2":"30 st","showStrikethroughPrice":false,"discountedPriceFormatted":"€0,69","discountedUnitPriceFormatted":"0,69 €/st","unit":"piece","unitPriceFormatted":"0,69","unitCode":"pieces","unitPrice":0.69,"value":0.69,"__typename":"Price"},"purchasable":null,"productProposedPackaging":1,"productProposedPackaging2":null,"stock":{"inStock":true,"inStockBeforeMaxAdvanceOrderingDate":false,"partiallyInStock":false,"availableFromDate":null,"__typename":"Stock"},"url":"/nl-be/shop/Hygiene-en-verzorging/Intieme-hygiene/Inlegkruisjes/Inlegkruisjes-Normal-Fresh/p/S2013120400204360000","previouslyBought":false,"nutriScoreLetter":null,"isLowPriceGuarantee":null,"freeGift":null,"plasticFee":false,"__typename":"Product"},{"available":true,"averageRating":null,"numberOfReviews":null,"manufacturerName":"365","manufacturerSubBrandName":null,"code":"S2014030300051430000","badges":[],"badgeBrand":null,"promoBadges":null,"delivered":null,"littleLion":false,"freshnessDuration":0,"freshnessDurationTipFormatted":"Dit product zal 0 dagen vers blijven","frozen":false,"recyclable":false,"images":[{"format":"thumbnail","imageType":"PRIMARY","url":"/medias/sys_master/h37/hce/11562762338334.jpg","__typename":"Image"},{"format":"thumbnailGrid","imageType":"PRIMARY","url":"/medias/sys_master/he8/hc8/11562762272798.jpg","__typename":"Image"},{"format":"respListGrid","imageType":"PRIMARY","url":"/medias/sys_master/h47/h94/11562762600478.jpg","__typename":"Image"},{"format":"zoom","imageType":"PRIMARY","url":"/medias/sys_master/h11/ha0/11562762207262.jpg","__typename":"Image"}],"maxOrderQuantity":250,"limitedAssortment":null,"name":"Frangipanes","onlineExclusive":false,"potentialPromotions":[],"price":{"approximatePriceSymbol":"+/-","currencySymbol":"€","formattedValue":"€1,99","priceType":"BUY","supplementaryPriceLabel1":"4,98 €/kg","supplementaryPriceLabel2":"2 x 200 gr","showStrikethroughPrice":false,"discountedPriceFormatted":"€1,99","discountedUnitPriceFormatted":"1,99 €/kg","unit":"piece","unitPriceFormatted":"1,99","unitCode":"pieces","unitPrice":1.99,"value":1.99,"__typename":"Price"},"purchasable":null,"productProposedPackaging":1,"productProposedPackaging2":null,"stock":{"inStock":true,"inStockBeforeMaxAdvanceOrderingDate":false,"partiallyInStock":false,"availableFromDate":null,"__typename":"Stock"},"url":"/nl-be/shop/Zoete-kruidenierswaren/Koekjes/Cakes/Frangipanes/p/S2014030300051430000","previouslyBought":false,"nutriScoreLetter":"E","isLowPriceGuarantee":null,"freeGift":null,"plasticFee":false,"__typename":"Product"},{"available":true,"averageRating":null,"numberOfReviews":null,"manufacturerName":"Delhaize","manufacturerSubBrandName":null,"code":"S2014013100371070000","badges":[],"badgeBrand":null,"promoBadges":null,"delivered":null,"littleLion":false,"freshnessDuration":0,"freshnessDurationTipFormatted":"Dit product zal 0 dagen vers blijven","frozen":true,"recyclable":false,"images":[{"format":"thumbnail","imageType":"PRIMARY","url":"/medias/sys_master/h79/h93/11196318122014.jpg","__typename":"Image"},{"format":"thumbnailGrid","imageType":"PRIMARY","url":"/medias/sys_master/h4b/h07/11196318056478.jpg","__typename":"Image"},{"format":"respListGrid","imageType":"PRIMARY","url":"/medias/sys_master/h4a/h48/11196318384158.jpg","__typename":"Image"},{"format":"zoom","imageType":"PRIMARY","url":"/medias/sys_master/h3d/h3a/11196317990942.jpg","__typename":"Image"}],"maxOrderQuantity":250,"limitedAssortment":null,"name":"Denaardappeltjes","onlineExclusive":false,"potentialPromotions":[],"price":{"approximatePriceSymbol":"+/-","currencySymbol":"€","formattedValue":"€1,99","priceType":"BUY","supplementaryPriceLabel1":"3,32 €/kg","supplementaryPriceLabel2":"600 gr","showStrikethroughPrice":false,"discountedPriceFormatted":"€1,99","discountedUnitPriceFormatted":"1,99 €/kg","unit":"piece","unitPriceFormatted":"1,99","unitCode":"pieces","unitPrice":1.99,"value":1.99,"__typename":"Price"},"purchasable":null,"productProposedPackaging":1,"productProposedPackaging2":null,"stock":{"inStock":true,"inStockBeforeMaxAdvanceOrderingDate":false,"partiallyInStock":false,"availableFromDate":null,"__typename":"Stock"},"url":"/nl-be/shop/Diepvries/Frieten-en-aardappelproducten/Anderen-diepvriesfrieten-en-aardappelproducten/Denaardappeltjes/p/S2014013100371070000","previouslyBought":false,"nutriScoreLetter":"B","isLowPriceGuarantee":null,"freeGift":null,"plasticFee":false,"__typename":"Product"},{"available":true,"averageRating":null,"numberOfReviews":null,"manufacturerName":"Filipetti","manufacturerSubBrandName":null,"code":"S2014052700240000000","badges":[],"badgeBrand":null,"promoBadges":null,"delivered":null,"littleLion":false,"freshnessDuration":0,"freshnessDurationTipFormatted":"Dit product zal 0 dagen vers blijven","frozen":false,"recyclable":false,"images":[{"format":"thumbnail","imageType":"PRIMARY","url":"/medias/sys_master/h74/h3c/11199814074398.jpg","__typename":"Image"},{"format":"thumbnailGrid","imageType":"PRIMARY","url":"/medias/sys_master/h28/h9a/11199814008862.jpg","__typename":"Image"},{"format":"respListGrid","imageType":"PRIMARY","url":"/medias/sys_master/h92/h4a/11199814336542.jpg","__typename":"Image"},{"format":"zoom","imageType":"PRIMARY","url":"/medias/sys_master/hd9/h6c/11199813877790.jpg","__typename":"Image"}],"maxOrderQuantity":250,"limitedAssortment":null,"name":"Moscato Rosé","onlineExclusive":false,"potentialPromotions":[],"price":{"approximatePriceSymbol":"+/-","currencySymbol":"€","formattedValue":"€2,99","priceType":"BUY","supplementaryPriceLabel1":"3,99 €/l","supplementaryPriceLabel2":"75 cl","showStrikethroughPrice":false,"discountedPriceFormatted":"€2,99","discountedUnitPriceFormatted":"2,99 €/l","unit":"piece","unitPriceFormatted":"2,99","unitCode":"pieces","unitPrice":2.99,"value":2.99,"__typename":"Price"},"purchasable":null,"productProposedPackaging":1,"productProposedPackaging2":6,"stock":{"inStock":true,"inStockBeforeMaxAdvanceOrderingDate":false,"partiallyInStock":false,"availableFromDate":null,"__typename":"Stock"},"url":"/nl-be/shop/Wijn-en-bubbels/Bubbels/Andere-bubbels/Rose/Moscato-Rose/p/S2014052700240000000","previouslyBought":false,"nutriScoreLetter":null,"isLowPriceGuarantee":null,"freeGift":null,"plasticFee":false,"__typename":"Product"},{"available":true,"averageRating":null,"numberOfReviews":null,"manufacturerName":"Arizona","manufacturerSubBrandName":null,"code":"S2014072403195070000","badges":[],"badgeBrand":null,"promoBadges":null,"delivered":null,"littleLion":false,"freshnessDuration":0,"freshnessDurationTipFormatted":"Dit product zal 0 dagen vers blijven","frozen":false,"recyclable":false,"images":[{"format":"thumbnail","imageType":"PRIMARY","url":"/medias/sys_master/h62/h98/10965308899358.jpg","__typename":"Image"},{"format":"thumbnailGrid","imageType":"PRIMARY","url":"/medias/sys_master/h0d/h64/10965308833822.jpg","__typename":"Image"},{"format":"respListGrid","imageType":"PRIMARY","url":"/medias/sys_master/h6b/h00/10965309161502.jpg","__typename":"Image"},{"format":"zoom","imageType":"PRIMARY","url":"/medias/sys_master/he5/hd5/10965308768286.jpg","__typename":"Image"}],"maxOrderQuantity":10,"limitedAssortment":null,"name":"Original | Groene thee met honing","onlineExclusive":false,"potentialPromotions":[],"price":{"approximatePriceSymbol":"+/-","currencySymbol":"€","formattedValue":"€1,99","priceType":"BUY","supplementaryPriceLabel1":"1,33 €/l","supplementaryPriceLabel2":"1,5 l","showStrikethroughPrice":false,"discountedPriceFormatted":"€1,99","discountedUnitPriceFormatted":"1,99 €/l","unit":"piece","unitPriceFormatted":"1,99","unitCode":"pieces","unitPrice":1.99,"value":1.99,"__typename":"Price"},"purchasable":null,"productProposedPackaging":1,"productProposedPackaging2":null,"stock":{"inStock":true,"inStockBeforeMaxAdvanceOrderingDate":false,"partiallyInStock":false,"availableFromDate":null,"__typename":"Stock"},"url":"/nl-be/shop/Dranken-en-alcohol/Frisdrank/Iced-tea/Green/Original-Groene-thee-met-honing/p/S2014072403195070000","previouslyBought":false,"nutriScoreLetter":null,"isLowPriceGuarantee":null,"freeGift":null,"plasticFee":false,"__typename":"Product"},{"available":true,"averageRating":null,"numberOfReviews":null,"manufacturerName":"Bosto","manufacturerSubBrandName":null,"code":"S2014090300101000000","badges":[],"badgeBrand":null,"promoBadges":null,"delivered":null,"littleLion":false,"freshnessDuration":0,"freshnessDurationTipFormatted":"Dit product zal 0 dagen vers blijven","frozen":false,"recyclable":false,"images":[{"format":"thumbnail","imageType":"PRIMARY","url":"/medias/sys_master/h13/hb6/11404731973662.jpg","__typename":"Image"},{"format":"thumbnailGrid","imageType":"PRIMARY","url":"/medias/sys_master/hec/h8a/11404731908126.jpg","__typename":"Image"},{"format":"respListGrid","imageType":"PRIMARY","url":"/medias/sys_master/hc9/h40/11404732235806.jpg","__typename":"Image"},{"format":"zoom","imageType":"PRIMARY","url":"/medias/sys_master/h5b/h24/11404731842590.jpg","__typename":"Image"}],"maxOrderQuantity":250,"limitedAssortment":null,"name":"Rijst | Basmati | 1,5min","onlineExclusive":false,"potentialPromotions":[],"price":{"approximatePriceSymbol":"+/-","currencySymbol":"€","formattedValue":"€3,49","priceType":"BUY","supplementaryPriceLabel1":"8,73 €/kg","supplementaryPriceLabel2":"2 x 200 gr","showStrikethroughPrice":false,"discountedPriceFormatted":"€3,49","discountedUnitPriceFormatted":"3,49 €/kg","unit":"piece","unitPriceFormatted":"3,49","unitCode":"pieces","unitPrice":3.49,"value":3.49,"__typename":"Price"},"purchasable":null,"productProposedPackaging":1,"productProposedPackaging2":null,"stock":{"inStock":true,"inStockBeforeMaxAdvanceOrderingDate":false,"partiallyInStock":false,"availableFromDate":null,"__typename":"Stock"},"url":"/nl-be/shop/Zoute-kruidenierswaren/Pasta-rijst-en-andere-zetmeelproducten/Snacks-en-bereide-maaltijden/Snacks-en-bereide-maaltijden-op-te-warmen-in-de-microgolfoven/Rijst-Basmati-1-5min/p/S2014090300101000000","previouslyBought":false,"nutriScoreLetter":"A","isLowPriceGuarantee":null,"freeGift":null,"plasticFee":false,"__typename":"Product"},{"available":true,"averageRating":null,"numberOfReviews":null,"manufacturerName":"Delhaize","manufacturerSubBrandName":null,"code":"S2014091000052670000","badges":[],"badgeBrand":null,"promoBadges":null,"delivered":true,"littleLion":false,"freshnessDuration":0,"freshnessDurationTipFormatted":"Dit product zal 0 dagen vers blijven","frozen":false,"recyclable":false,"images":[{"format":"thumbnail","imageType":"PRIMARY","url":"/medias/sys_master/h54/h43/11680787365918.jpg","__typename":"Image"},{"format":"thumbnailGrid","imageType":"PRIMARY","url":"/medias/sys_master/hc3/hdd/11680787300382.jpg","__typename":"Image"},{"format":"respListGrid","imageType":"PRIMARY","url":"/medias/sys_master/h67/h22/11680787628062.jpg","__typename":"Image"},{"format":"zoom","imageType":"PRIMARY","url":"/medias/sys_master/h63/h4e/11680787234846.jpg","__typename":"Image"}],"maxOrderQuantity":250,"limitedAssortment":null,"name":"Wafels | Boter | Fijn","onlineExclusive":false,"potentialPromotions":[],"price":{"approximatePriceSymbol":"+/-","currencySymbol":"€","formattedValue":"€1,49","priceType":"BUY","supplementaryPriceLabel1":"5,96 €/kg","supplementaryPriceLabel2":"250 gr","showStrikethroughPrice":false,"discountedPriceFormatted":"€1,49","discountedUnitPriceFormatted":"1,49 €/kg","unit":"piece","unitPriceFormatted":"1,49","unitCode":"pieces","unitPrice":1.49,"value":1.49,"__typename":"Price"},"purchasable":null,"productProposedPackaging":1,"productProposedPackaging2":null,"stock":{"inStock":true,"inStockBeforeMaxAdvanceOrderingDate":false,"partiallyInStock":false,"availableFromDate":null,"__typename":"Stock"},"url":"/nl-be/shop/Zoete-kruidenierswaren/Koekjes/Droge-koekjes/Met-thee-en-koffie/Wafels-Boter-Fijn/p/S2014091000052670000","previouslyBought":false,"nutriScoreLetter":"E","isLowPriceGuarantee":null,"freeGift":null,"plasticFee":false,"__typename":"Product"},{"available":true,"averageRating":null,"numberOfReviews":null,"manufacturerName":"Dettol","manufacturerSubBrandName":null,"code":"S2014121500163160000","badges":[],"badgeBrand":null,"promoBadges":null,"delivered":null,"littleLion":false,"freshnessDuration":0,"freshnessDurationTipFormatted":"Dit product zal 0 dagen vers blijven","frozen":false,"recyclable":false,"images":[{"format":"thumbnail","imageType":"PRIMARY","url":"/medias/sys_master/h84/h59/11101643210782.jpg","__typename":"Image"},{"format":"thumbnailGrid","imageType":"PRIMARY","url":"/medias/sys_master/hdc/h24/11101643145246.jpg","__typename":"Image"},{"format":"respListGrid","imageType":"PRIMARY","url":"/medias/sys_master/h0c/h83/11101643472926.jpg","__typename":"Image"},{"format":"zoom","imageType":"PRIMARY","url":"/medias/sys_master/h4c/hb1/11101643079710.jpg","__typename":"Image"}],"maxOrderQuantity":250,"limitedAssortment":null,"name":"Dettol|Multi Reiniger |P&F Parfum citrus spray| 750ml","onlineExclusive":false,"potentialPromotions":[],"price":{"approximatePriceSymbol":"+/-","currencySymbol":"€","formattedValue":"€2,99","priceType":"BUY","supplementaryPriceLabel1":"3,99 €/l","supplementaryPriceLabel2":"75 cl","showStrikethroughPrice":false,"discountedPriceFormatted":"€2,99","discountedUnitPriceFormatted":"2,99 €/l","unit":"piece","unitPriceFormatted":"2,99","unitCode":"pieces","unitPrice":2.99,"value":2.99,"__typename":"Price"},"purchasable":null,"productProposedPackaging":1,"productProposedPackaging2":null,"stock":{"inStock":true,"inStockBeforeMaxAdvanceOrderingDate":false,"partiallyInStock":false,"availableFromDate":null,"__typename":"Stock"},"url":"/nl-be/shop/Non-food/Producten/Dettol-Multi-Reiniger-P-and-F-Parfum-citrus-spray-750ml/p/S2014121500163160000","previouslyBought":false,"nutriScoreLetter":null,"isLowPriceGuarantee":null,"freeGift":null,"plasticFee":false,"__typename":"Product"},{"available":true,"averageRating":null,"numberOfReviews":null,"manufacturerName":"Bonduelle","manufacturerSubBrandName":null,"code":"S2015012100110670000","badges":[],"badgeBrand":null,"promoBadges":null,"delivered":null,"littleLion":false,"freshnessDuration":0,"freshnessDurationTipFormatted":"Dit product zal 0 dagen vers blijven","frozen":false,"recyclable":false,"images":[{"format":"thumbnail","imageType":"PRIMARY","url":"/medias/sys_master/hc6/hbc/11609895862302.jpg","__typename":"Image"},{"format":"thumbnailGrid","imageType":"PRIMARY","url":"/medias/sys_master/h0b/hb7/11609895796766.jpg","__typename":"Image"},{"format":"respListGrid","imageType":"PRIMARY","url":"/medias/sys_master/h2f/h00/11609896124446.jpg","__typename":"Image"},{"format":"zoom","imageType":"PRIMARY","url":"/medias/sys_master/h0e/h2b/11609895731230.jpg","__typename":"Image"}],"maxOrderQuantity":250,"limitedAssortment":null,"name":"Kikkererwten","onlineExclusive":false,"potentialPromotions":[],"price":{"approximatePriceSymbol":"+/-","currencySymbol":"€","formattedValue":"€1,49","priceType":"BUY","supplementaryPriceLabel1":"11,46 €/kg","supplementaryPriceLabel2":"130 gr","showStrikethroughPrice":false,"discountedPriceFormatted":"€1,49","discountedUnitPriceFormatted":"1,49 €/kg","unit":"piece","unitPriceFormatted":"1,49","unitCode":"pieces","unitPrice":1.49,"value":1.49,"__typename":"Price"},"purchasable":null,"productProposedPackaging":1,"productProposedPackaging2":null,"stock":{"inStock":true,"inStockBeforeMaxAdvanceOrderingDate":false,"partiallyInStock":false,"availableFromDate":null,"__typename":"Stock"},"url":"/nl-be/shop/Conserven/Groenten-in-conserve/Linzen-bonen-en-andere-peulvruchten-in-conserve/Kikkererwten-in-conserve/Kikkererwten/p/S2015012100110670000","previouslyBought":false,"nutriScoreLetter":"A","isLowPriceGuarantee":null,"freeGift":null,"plasticFee":false,"__typename":"Product"},{"available":true,"averageRating":null,"numberOfReviews":null,"manufacturerName":"Delhaize","manufacturerSubBrandName":null,"code":"S2015021200026080000","badges":[],"badgeBrand":null,"promoBadges":null,"delivered":true,"littleLion":false,"freshnessDuration":0,"freshnessDurationTipFormatted":"Dit product zal 0 dagen vers blijven","frozen":false,"recyclable":false,"images":[{"format":"thumbnail","imageType":"PRIMARY","url":"/medias/sys_master/h1b/h13/11437869662238.jpg","__typename":"Image"},{"format":"thumbnailGrid","imageType":"PRIMARY","url":"/medias/sys_master/h44/he9/11437869596702.jpg","__typename":"Image"},{"format":"respListGrid","imageType":"PRIMARY","url":"/medias/sys_master/h96/hbb/11437869924382.jpg","__typename":"Image"},{"format":"zoom","imageType":"PRIMARY","url":"/medias/sys_master/h9b/h7e/11437869531166.jpg","__typename":"Image"}],"maxOrderQuantity":250,"limitedAssortment":null,"name":"Chips | Sticks | Zout","onlineExclusive":false,"potentialPromotions":[],"price":{"approximatePriceSymbol":"+/-","currencySymbol":"€","formattedValue":"€0,79","priceType":"BUY","supplementaryPriceLabel1":"5,27 €/kg","supplementaryPriceLabel2":"150 gr","showStrikethroughPrice":false,"discountedPriceFormatted":"€0,79","discountedUnitPriceFormatted":"0,79 €/kg","unit":"piece","unitPriceFormatted":"0,79","unitCode":"pieces","unitPrice":0.79,"value":0.79,"__typename":"Price"},"purchasable":null,"productProposedPackaging":1,"productProposedPackaging2":null,"stock":{"inStock":true,"inStockBeforeMaxAdvanceOrderingDate":false,"partiallyInStock":false,"availableFromDate":null,"__typename":"Stock"},"url":"/nl-be/shop/Zoute-kruidenierswaren/Chips-en-aperitief-snacks/Chips/Chips-met-speciale-vorm/Chips-Sticks-Zout/p/S2015021200026080000","previouslyBought":false,"nutriScoreLetter":"C","isLowPriceGuarantee":null,"freeGift":null,"plasticFee":false,"__typename":"Product"},{"available":true,"averageRating":null,"numberOfReviews":null,"manufacturerName":"Wasa","manufacturerSubBrandName":null,"code":"S2015031100044860000","badges":[],"badgeBrand":null,"promoBadges":null,"delivered":null,"littleLion":false,"freshnessDuration":0,"freshnessDurationTipFormatted":"Dit product zal 0 dagen vers blijven","frozen":false,"recyclable":false,"images":[{"format":"thumbnail","imageType":"PRIMARY","url":"/medias/sys_master/h64/hf0/11465352380446.jpg","__typename":"Image"},{"format":"thumbnailGrid","imageType":"PRIMARY","url":"/medias/sys_master/hc7/h19/11465352314910.jpg","__typename":"Image"},{"format":"respListGrid","imageType":"PRIMARY","url":"/medias/sys_master/hb2/h21/11465352642590.jpg","__typename":"Image"},{"format":"zoom","imageType":"PRIMARY","url":"/medias/sys_master/h44/hac/11465352249374.jpg","__typename":"Image"}],"maxOrderQuantity":250,"limitedAssortment":null,"name":"Cracotten | Rosmarijn & zout","onlineExclusive":false,"potentialPromotions":[{"alternativePromotionMessage":null,"alternativePromotionBadge":null,"code":"BE11046309","priceToBurn":0,"promotionType":"Buy X Get Percentage Off All Products","pickAndMix":true,"qualifyingCount":2,"freeCount":null,"range":true,"redemptionLevel":"MASS","toDisplay":true,"description":"2de tegen -50%","title":"2de tegen -50%","promoBooster":false,"simplePromotionMessage":"-25% bij aankoop van 2 producten","offerType":null,"restrictionType":null,"priority":1052,"__typename":"Promotion"}],"price":{"approximatePriceSymbol":"+/-","currencySymbol":"€","formattedValue":"€2,29","priceType":"BUY","supplementaryPriceLabel1":"12,05 €/kg","supplementaryPriceLabel2":"190 gr","showStrikethroughPrice":false,"discountedPriceFormatted":"€2,29","discountedUnitPriceFormatted":"2,29 €/kg","unit":"piece","unitPriceFormatted":"2,29","unitCode":"pieces","unitPrice":2.29,"value":2.29,"__typename":"Price"},"purchasable":null,"productProposedPackaging":1,"productProposedPackaging2":null,"stock":{"inStock":true,"inStockBeforeMaxAdvanceOrderingDate":false,"partiallyInStock":false,"availableFromDate":null,"__typename":"Stock"},"url":"/nl-be/shop/Zoete-kruidenierswaren/Ontbijt/Rijstwafels-beschuiten-en-toast/Cracotten-Rosmarijn-and-zout/p/S2015031100044860000","previouslyBought":false,"nutriScoreLetter":"C","isLowPriceGuarantee":null,"freeGift":null,"plasticFee":false,"__typename":"Product"},{"available":true,"averageRating":null,"numberOfReviews":null,"manufacturerName":"Tabasco","manufacturerSubBrandName":null,"code":"S2015032000014600000","badges":[],"badgeBrand":null,"promoBadges":null,"delivered":null,"littleLion":false,"freshnessDuration":0,"freshnessDurationTipFormatted":"Dit product zal 0 dagen vers blijven","frozen":false,"recyclable":false,"images":[{"format":"thumbnail","imageType":"PRIMARY","url":"/medias/sys_master/h98/hc4/11571644596254.jpg","__typename":"Image"},{"format":"thumbnailGrid","imageType":"PRIMARY","url":"/medias/sys_master/h93/h92/11571644530718.jpg","__typename":"Image"},{"format":"respListGrid","imageType":"PRIMARY","url":"/medias/sys_master/h65/h6a/11571644858398.jpg","__typename":"Image"},{"format":"zoom","imageType":"PRIMARY","url":"/medias/sys_master/haf/ha9/11571644465182.jpg","__typename":"Image"}],"maxOrderQuantity":250,"limitedAssortment":null,"name":"Tabasco | Rode peper","onlineExclusive":false,"potentialPromotions":[{"alternativePromotionMessage":null,"alternativePromotionBadge":null,"code":"BE11043799","priceToBurn":0,"promotionType":"Buy X Get Percentage Off All Products","pickAndMix":true,"qualifyingCount":2,"freeCount":null,"range":true,"redemptionLevel":"MASS","toDisplay":true,"description":"2de tegen -50%","title":"2de tegen -50%","promoBooster":false,"simplePromotionMessage":"-25% bij aankoop van 2 producten","offerType":null,"restrictionType":null,"priority":null,"__typename":"Promotion"}],"price":{"approximatePriceSymbol":"+/-","currencySymbol":"€","formattedValue":"€3,05","priceType":"BUY","supplementaryPriceLabel1":"50,83 €/l","supplementaryPriceLabel2":"6 cl","showStrikethroughPrice":false,"discountedPriceFormatted":"€3,05","discountedUnitPriceFormatted":"3,05 €/l","unit":"piece","unitPriceFormatted":"3,05","unitCode":"pieces","unitPrice":3.05,"value":3.05,"__typename":"Price"},"purchasable":null,"productProposedPackaging":1,"productProposedPackaging2":null,"stock":{"inStock":true,"inStockBeforeMaxAdvanceOrderingDate":false,"partiallyInStock":false,"availableFromDate":null,"__typename":"Stock"},"url":"/nl-be/shop/Zoute-kruidenierswaren/Kookhulpmiddelen/Smaakversterkers/Tabasco-Rode-peper/p/S2015032000014600000","previouslyBought":false,"nutriScoreLetter":"C","isLowPriceGuarantee":null,"freeGift":null,"plasticFee":false,"__typename":"Product"},{"available":true,"averageRating":null,"numberOfReviews":null,"manufacturerName":"Nocciolata","manufacturerSubBrandName":null,"code":"S2015033100093350000","badges":[],"badgeBrand":null,"promoBadges":null,"delivered":null,"littleLion":false,"freshnessDuration":0,"freshnessDurationTipFormatted":"Dit product zal 0 dagen vers blijven","frozen":false,"recyclable":false,"images":[{"format":"thumbnail","imageType":"PRIMARY","url":"/medias/sys_master/h6f/h70/11091267354654.jpg","__typename":"Image"},{"format":"thumbnailGrid","imageType":"PRIMARY","url":"/medias/sys_master/hcf/hee/11091267289118.jpg","__typename":"Image"},{"format":"respListGrid","imageType":"PRIMARY","url":"/medias/sys_master/h8e/hbe/11091267616798.jpg","__typename":"Image"},{"format":"zoom","imageType":"PRIMARY","url":"/medias/sys_master/hd9/hfd/11091267223582.jpg","__typename":"Image"}],"maxOrderQuantity":250,"limitedAssortment":null,"name":"Smeerpasta | hazelnoten | Zonder palmolie | Bio","onlineExclusive":false,"potentialPromotions":[],"price":{"approximatePriceSymbol":"+/-","currencySymbol":"€","formattedValue":"€4,19","priceType":"BUY","supplementaryPriceLabel1":"15,52 €/kg","supplementaryPriceLabel2":"270 gr","showStrikethroughPrice":false,"discountedPriceFormatted":"€4,19","discountedUnitPriceFormatted":"4,19 €/kg","unit":"piece","unitPriceFormatted":"4,19","unitCode":"pieces","unitPrice":4.19,"value":4.19,"__typename":"Price"},"purchasable":null,"productProposedPackaging":1,"productProposedPackaging2":null,"stock":{"inStock":true,"inStockBeforeMaxAdvanceOrderingDate":false,"partiallyInStock":false,"availableFromDate":null,"__typename":"Stock"},"url":"/nl-be/shop/Bio-Eco-en-Fairtrade/Bio/Zoete-kruidenierswaren/Ontbijt/Smeerpasta-hazelnoten-Zonder-palmolie-Bio/p/S2015033100093350000","previouslyBought":false,"nutriScoreLetter":"D","isLowPriceGuarantee":null,"freeGift":null,"plasticFee":false,"__typename":"Product"},{"available":true,"averageRating":null,"numberOfReviews":null,"manufacturerName":"365","manufacturerSubBrandName":null,"code":"S2015040700115000000","badges":[],"badgeBrand":null,"promoBadges":null,"delivered":null,"littleLion":false,"freshnessDuration":0,"freshnessDurationTipFormatted":"Dit product zal 0 dagen vers blijven","frozen":false,"recyclable":false,"images":[{"format":"thumbnail","imageType":"PRIMARY","url":"/medias/sys_master/h8a/hff/11639671750686.jpg","__typename":"Image"},{"format":"thumbnailGrid","imageType":"PRIMARY","url":"/medias/sys_master/h64/h84/11639671685150.jpg","__typename":"Image"},{"format":"respListGrid","imageType":"PRIMARY","url":"/medias/sys_master/h7b/h8d/11639672012830.jpg","__typename":"Image"},{"format":"zoom","imageType":"PRIMARY","url":"/medias/sys_master/h87/h54/11639671619614.jpg","__typename":"Image"}],"maxOrderQuantity":250,"limitedAssortment":null,"name":"Champignons | Stelen-Stukken","onlineExclusive":false,"potentialPromotions":[],"price":{"approximatePriceSymbol":"+/-","currencySymbol":"€","formattedValue":"€0,79","priceType":"BUY","supplementaryPriceLabel1":"3,43 €/kg","supplementaryPriceLabel2":"230 gr","showStrikethroughPrice":false,"discountedPriceFormatted":"€0,79","discountedUnitPriceFormatted":"0,79 €/kg","unit":"piece","unitPriceFormatted":"0,79","unitCode":"pieces","unitPrice":0.79,"value":0.79,"__typename":"Price"},"purchasable":null,"productProposedPackaging":1,"productProposedPackaging2":null,"stock":{"inStock":true,"inStockBeforeMaxAdvanceOrderingDate":false,"partiallyInStock":false,"availableFromDate":null,"__typename":"Stock"},"url":"/nl-be/shop/Conserven/Groenten-in-conserve/Champignons-in-conserve/Volledige-champignons-in-conserve/Champignons-Stelen-Stukken/p/S2015040700115000000","previouslyBought":false,"nutriScoreLetter":"A","isLowPriceGuarantee":null,"freeGift":null,"plasticFee":false,"__typename":"Product"},{"available":true,"averageRating":null,"numberOfReviews":null,"manufacturerName":"Nesquik","manufacturerSubBrandName":null,"code":"S2015061500374180000","badges":[],"badgeBrand":null,"promoBadges":null,"delivered":null,"littleLion":false,"freshnessDuration":0,"freshnessDurationTipFormatted":"Dit product zal 0 dagen vers blijven","frozen":false,"recyclable":false,"images":[{"format":"thumbnail","imageType":"PRIMARY","url":"/medias/sys_master/h47/h31/11202793177118.jpg","__typename":"Image"},{"format":"thumbnailGrid","imageType":"PRIMARY","url":"/medias/sys_master/hf0/h1d/11202793111582.jpg","__typename":"Image"},{"format":"respListGrid","imageType":"PRIMARY","url":"/medias/sys_master/h6a/h9d/11202793439262.jpg","__typename":"Image"},{"format":"zoom","imageType":"PRIMARY","url":"/medias/sys_master/h6f/h60/11202793046046.jpg","__typename":"Image"}],"maxOrderQuantity":250,"limitedAssortment":null,"name":"Cacao | Chocolade | Poeder","onlineExclusive":false,"potentialPromotions":[],"price":{"approximatePriceSymbol":"+/-","currencySymbol":"€","formattedValue":"€4,29","priceType":"BUY","supplementaryPriceLabel1":"4,29 €/kg","supplementaryPriceLabel2":"1 kg","showStrikethroughPrice":false,"discountedPriceFormatted":"€4,29","discountedUnitPriceFormatted":"4,29 €/kg","unit":"piece","unitPriceFormatted":"4,29","unitCode":"pieces","unitPrice":4.29,"value":4.29,"__typename":"Price"},"purchasable":null,"productProposedPackaging":1,"productProposedPackaging2":null,"stock":{"inStock":true,"inStockBeforeMaxAdvanceOrderingDate":false,"partiallyInStock":false,"availableFromDate":null,"__typename":"Stock"},"url":"/nl-be/shop/Zoete-kruidenierswaren/Ontbijt/Chocolade/Cacao-Chocolade-Poeder/p/S2015061500374180000","previouslyBought":false,"nutriScoreLetter":"B","isLowPriceGuarantee":null,"freeGift":null,"plasticFee":false,"__typename":"Product"},{"available":true,"averageRating":null,"numberOfReviews":null,"manufacturerName":"Nesquik","manufacturerSubBrandName":null,"code":"S2015081400386250000","badges":[],"badgeBrand":null,"promoBadges":null,"delivered":null,"littleLion":false,"freshnessDuration":0,"freshnessDurationTipFormatted":"Dit product zal 0 dagen vers blijven","frozen":false,"recyclable":false,"images":[{"format":"thumbnail","imageType":"PRIMARY","url":"/medias/sys_master/h92/hff/11203802071070.jpg","__typename":"Image"},{"format":"thumbnailGrid","imageType":"PRIMARY","url":"/medias/sys_master/h81/h27/11203802005534.jpg","__typename":"Image"},{"format":"respListGrid","imageType":"PRIMARY","url":"/medias/sys_master/h16/h77/11203802333214.jpg","__typename":"Image"},{"format":"zoom","imageType":"PRIMARY","url":"/medias/sys_master/ha2/h9f/11203801939998.jpg","__typename":"Image"}],"maxOrderQuantity":250,"limitedAssortment":null,"name":"Cacao | Poeder","onlineExclusive":false,"potentialPromotions":[],"price":{"approximatePriceSymbol":"+/-","currencySymbol":"€","formattedValue":"€2,29","priceType":"BUY","supplementaryPriceLabel1":"4,58 €/kg","supplementaryPriceLabel2":"500 gr","showStrikethroughPrice":false,"discountedPriceFormatted":"€2,29","discountedUnitPriceFormatted":"2,29 €/kg","unit":"piece","unitPriceFormatted":"2,29","unitCode":"pieces","unitPrice":2.29,"value":2.29,"__typename":"Price"},"purchasable":null,"productProposedPackaging":1,"productProposedPackaging2":null,"stock":{"inStock":true,"inStockBeforeMaxAdvanceOrderingDate":false,"partiallyInStock":false,"availableFromDate":null,"__typename":"Stock"},"url":"/nl-be/shop/Zoete-kruidenierswaren/Ontbijt/Chocolade/Cacao-Poeder/p/S2015081400386250000","previouslyBought":false,"nutriScoreLetter":"B","isLowPriceGuarantee":null,"freeGift":null,"plasticFee":false,"__typename":"Product"},{"available":true,"averageRating":null,"numberOfReviews":null,"manufacturerName":"Delhaize","manufacturerSubBrandName":null,"code":"S2015091800395230000","badges":[],"badgeBrand":null,"promoBadges":null,"delivered":false,"littleLion":false,"freshnessDuration":0,"freshnessDurationTipFormatted":"Dit product zal 0 dagen vers blijven","frozen":false,"recyclable":false,"images":[{"format":"thumbnail","imageType":"PRIMARY","url":"/medias/sys_master/h60/h6c/11668271890462.jpg","__typename":"Image"},{"format":"thumbnailGrid","imageType":"PRIMARY","url":"/medias/sys_master/hb3/hba/11668271824926.jpg","__typename":"Image"},{"format":"respListGrid","imageType":"PRIMARY","url":"/medias/sys_master/haa/he1/11668272152606.jpg","__typename":"Image"},{"format":"zoom","imageType":"PRIMARY","url":"/medias/sys_master/h09/h09/11668271759390.jpg","__typename":"Image"}],"maxOrderQuantity":250,"limitedAssortment":null,"name":"Keukenpapier | Ultra | Decor | 3 lagen","onlineExclusive":false,"potentialPromotions":[],"price":{"approximatePriceSymbol":"+/-","currencySymbol":"€","formattedValue":"€1,79","priceType":"BUY","supplementaryPriceLabel1":"0,90 €/st","supplementaryPriceLabel2":"2 st","showStrikethroughPrice":false,"discountedPriceFormatted":"€1,79","discountedUnitPriceFormatted":"1,79 €/st","unit":"piece","unitPriceFormatted":"1,79","unitCode":"pieces","unitPrice":1.79,"value":1.79,"__typename":"Price"},"purchasable":null,"productProposedPackaging":1,"productProposedPackaging2":null,"stock":{"inStock":true,"inStockBeforeMaxAdvanceOrderingDate":false,"partiallyInStock":false,"availableFromDate":null,"__typename":"Stock"},"url":"/nl-be/shop/Onderhoudsproducten/Keukenrol/Keukenpapier-Ultra-Decor-3-lagen/p/S2015091800395230000","previouslyBought":false,"nutriScoreLetter":null,"isLowPriceGuarantee":null,"freeGift":null,"plasticFee":false,"__typename":"Product"},{"available":true,"averageRating":null,"numberOfReviews":null,"manufacturerName":"Alpro","manufacturerSubBrandName":null,"code":"S2015121603617190099","badges":[],"badgeBrand":null,"promoBadges":null,"delivered":null,"littleLion":false,"freshnessDuration":0,"freshnessDurationTipFormatted":"Dit product zal 0 dagen vers blijven","frozen":false,"recyclable":false,"images":[{"format":"thumbnail","imageType":"PRIMARY","url":"/medias/sys_master/h10/h4f/11230152851486.jpg","__typename":"Image"},{"format":"thumbnailGrid","imageType":"PRIMARY","url":"/medias/sys_master/h18/h87/11230152785950.jpg","__typename":"Image"},{"format":"respListGrid","imageType":"PRIMARY","url":"/medias/sys_master/h0a/hc2/11230153113630.jpg","__typename":"Image"},{"format":"zoom","imageType":"PRIMARY","url":"/medias/sys_master/h1c/h99/11230152720414.jpg","__typename":"Image"}],"maxOrderQuantity":250,"limitedAssortment":null,"name":"Alpro | Soja | Cuisine","onlineExclusive":false,"potentialPromotions":[{"alternativePromotionMessage":null,"alternativePromotionBadge":null,"code":"BE11055621","priceToBurn":0,"promotionType":"Buy X Get Percentage Off All Products","pickAndMix":true,"qualifyingCount":4,"freeCount":null,"range":true,"redemptionLevel":"MASS","toDisplay":true,"description":"3+1 gratis","title":"3+1_gratis","promoBooster":false,"simplePromotionMessage":"-25% bij aankoop van 4 producten","offerType":null,"restrictionType":null,"priority":1054,"__typename":"Promotion"}],"price":{"approximatePriceSymbol":"+/-","currencySymbol":"€","formattedValue":"€4,38","priceType":"BUY","supplementaryPriceLabel1":"8,76 €/l","supplementaryPriceLabel2":"2 x 25 cl","showStrikethroughPrice":false,"discountedPriceFormatted":"€4,38","discountedUnitPriceFormatted":"4,38 €/l","unit":"piece","unitPriceFormatted":"4,38","unitCode":"pieces","unitPrice":4.38,"value":4.38,"__typename":"Price"},"purchasable":null,"productProposedPackaging":1,"productProposedPackaging2":null,"stock":{"inStock":true,"inStockBeforeMaxAdvanceOrderingDate":false,"partiallyInStock":false,"availableFromDate":null,"__typename":"Stock"},"url":"/nl-be/shop/Zuivel-en-kaas/Culinaire-room-en-alternatieven/Culinaire-room/Alpro-Soja-Cuisine/p/S2015121603617190099","previouslyBought":false,"nutriScoreLetter":"B","isLowPriceGuarantee":null,"freeGift":null,"plasticFee":false,"__typename":"Product"},{"available":true,"averageRating":null,"numberOfReviews":null,"manufacturerName":"Merci","manufacturerSubBrandName":"Finest Selection","code":"S2016012903623360000","badges":[],"badgeBrand":null,"promoBadges":null,"delivered":null,"littleLion":false,"freshnessDuration":0,"freshnessDurationTipFormatted":"Dit product zal 0 dagen vers blijven","frozen":false,"recyclable":false,"images":[{"format":"thumbnail","imageType":"PRIMARY","url":"/medias/sys_master/hd8/hfd/11229584654366.jpg","__typename":"Image"},{"format":"thumbnailGrid","imageType":"PRIMARY","url":"/medias/sys_master/haf/h27/11229584588830.jpg","__typename":"Image"},{"format":"respListGrid","imageType":"PRIMARY","url":"/medias/sys_master/h20/h7b/11229584916510.jpg","__typename":"Image"},{"format":"zoom","imageType":"PRIMARY","url":"/medias/sys_master/h6f/h70/11229584523294.jpg","__typename":"Image"}],"maxOrderQuantity":250,"limitedAssortment":null,"name":"Chocolade","onlineExclusive":false,"potentialPromotions":[],"price":{"approximatePriceSymbol":"+/-","currencySymbol":"€","formattedValue":"€3,59","priceType":"BUY","supplementaryPriceLabel1":"14,36 €/kg","supplementaryPriceLabel2":"250 gr","showStrikethroughPrice":false,"discountedPriceFormatted":"€3,59","discountedUnitPriceFormatted":"3,59 €/kg","unit":"piece","unitPriceFormatted":"3,59","unitCode":"pieces","unitPrice":3.59,"value":3.59,"__typename":"Price"},"purchasable":null,"productProposedPackaging":1,"productProposedPackaging2":null,"stock":{"inStock":true,"inStockBeforeMaxAdvanceOrderingDate":false,"partiallyInStock":false,"availableFromDate":null,"__typename":"Stock"},"url":"/nl-be/shop/Zoete-kruidenierswaren/Chocolade/Pralines-and-chocolade-geschenken/Chocolade/p/S2016012903623360000","previouslyBought":false,"nutriScoreLetter":null,"isLowPriceGuarantee":null,"freeGift":null,"plasticFee":false,"__typename":"Product"},{"available":true,"averageRating":null,"numberOfReviews":null,"manufacturerName":"LU","manufacturerSubBrandName":"Tuc","code":"S2016020403624500000","badges":[],"badgeBrand":null,"promoBadges":null,"delivered":null,"littleLion":false,"freshnessDuration":0,"freshnessDurationTipFormatted":"Dit product zal 0 dagen vers blijven","frozen":false,"recyclable":false,"images":[{"format":"thumbnail","imageType":"PRIMARY","url":"/medias/sys_master/h0b/h1a/11633405263902.jpg","__typename":"Image"},{"format":"thumbnailGrid","imageType":"PRIMARY","url":"/medias/sys_master/h01/hac/11633405198366.jpg","__typename":"Image"},{"format":"respListGrid","imageType":"PRIMARY","url":"/medias/sys_master/h31/h09/11633405526046.jpg","__typename":"Image"},{"format":"zoom","imageType":"PRIMARY","url":"/medias/sys_master/hac/h77/11633405132830.jpg","__typename":"Image"}],"maxOrderQuantity":10,"limitedAssortment":null,"name":"Crackers | Sweet red paprika","onlineExclusive":false,"potentialPromotions":[],"price":{"approximatePriceSymbol":"+/-","currencySymbol":"€","formattedValue":"€1,35","priceType":"BUY","supplementaryPriceLabel1":"13,50 €/kg","supplementaryPriceLabel2":"100 gr","showStrikethroughPrice":false,"discountedPriceFormatted":"€1,35","discountedUnitPriceFormatted":"1,35 €/kg","unit":"piece","unitPriceFormatted":"1,35","unitCode":"pieces","unitPrice":1.35,"value":1.35,"__typename":"Price"},"purchasable":null,"productProposedPackaging":1,"productProposedPackaging2":null,"stock":{"inStock":true,"inStockBeforeMaxAdvanceOrderingDate":false,"partiallyInStock":false,"availableFromDate":null,"__typename":"Stock"},"url":"/nl-be/shop/Zoute-kruidenierswaren/Chips-en-aperitief-snacks/Aperitiefkoekjes-en-toasts/Crackers-en-creppies/Crackers-Sweet-red-paprika/p/S2016020403624500000","previouslyBought":false,"nutriScoreLetter":"E","isLowPriceGuarantee":null,"freeGift":null,"plasticFee":false,"__typename":"Product"},{"available":true,"averageRating":null,"numberOfReviews":null,"manufacturerName":"Anco","manufacturerSubBrandName":null,"code":"S2016020403625030000","badges":[],"badgeBrand":null,"promoBadges":null,"delivered":null,"littleLion":false,"freshnessDuration":0,"freshnessDurationTipFormatted":"Dit product zal 0 dagen vers blijven","frozen":false,"recyclable":false,"images":[{"format":"thumbnail","imageType":"PRIMARY","url":"/medias/sys_master/he7/h79/11329054048286.jpg","__typename":"Image"},{"format":"thumbnailGrid","imageType":"PRIMARY","url":"/medias/sys_master/hd9/hac/11329053982750.jpg","__typename":"Image"},{"format":"respListGrid","imageType":"PRIMARY","url":"/medias/sys_master/h03/h0a/11329054310430.jpg","__typename":"Image"},{"format":"zoom","imageType":"PRIMARY","url":"/medias/sys_master/hff/hd7/11329053917214.jpg","__typename":"Image"}],"maxOrderQuantity":250,"limitedAssortment":null,"name":"Vloeiende bloem","onlineExclusive":false,"potentialPromotions":[],"price":{"approximatePriceSymbol":"+/-","currencySymbol":"€","formattedValue":"€1,95","priceType":"BUY","supplementaryPriceLabel1":"1,95 €/kg","supplementaryPriceLabel2":"1 kg","showStrikethroughPrice":false,"discountedPriceFormatted":"€1,95","discountedUnitPriceFormatted":"1,95 €/kg","unit":"piece","unitPriceFormatted":"1,95","unitCode":"pieces","unitPrice":1.95,"value":1.95,"__typename":"Price"},"purchasable":null,"productProposedPackaging":1,"productProposedPackaging2":null,"stock":{"inStock":true,"inStockBeforeMaxAdvanceOrderingDate":false,"partiallyInStock":false,"availableFromDate":null,"__typename":"Stock"},"url":"/nl-be/shop/Zoete-kruidenierswaren/Dessertbereidingen/Bloem/Vloeiende-bloem/p/S2016020403625030000","previouslyBought":false,"nutriScoreLetter":null,"isLowPriceGuarantee":null,"freeGift":null,"plasticFee":false,"__typename":"Product"},{"available":true,"averageRating":null,"numberOfReviews":null,"manufacturerName":"Imperial","manufacturerSubBrandName":null,"code":"S2016030403635770000","badges":[],"badgeBrand":null,"promoBadges":null,"delivered":null,"littleLion":false,"freshnessDuration":0,"freshnessDurationTipFormatted":"Dit product zal 0 dagen vers blijven","frozen":false,"recyclable":false,"images":[{"format":"thumbnail","imageType":"PRIMARY","url":"/medias/sys_master/h86/hb0/11412485865502.jpg","__typename":"Image"},{"format":"thumbnailGrid","imageType":"PRIMARY","url":"/medias/sys_master/h59/h24/11412485799966.jpg","__typename":"Image"},{"format":"respListGrid","imageType":"PRIMARY","url":"/medias/sys_master/h83/h92/11412486127646.jpg","__typename":"Image"},{"format":"zoom","imageType":"PRIMARY","url":"/medias/sys_master/hc1/hbd/11412485734430.jpg","__typename":"Image"}],"maxOrderQuantity":250,"limitedAssortment":null,"name":"Tonijn | Olijfolie","onlineExclusive":false,"potentialPromotions":[],"price":{"approximatePriceSymbol":"+/-","currencySymbol":"€","formattedValue":"€3,69","priceType":"BUY","supplementaryPriceLabel1":"24,12 €/kg","supplementaryPriceLabel2":"153 gr","showStrikethroughPrice":false,"discountedPriceFormatted":"€3,69","discountedUnitPriceFormatted":"3,69 €/kg","unit":"piece","unitPriceFormatted":"3,69","unitCode":"pieces","unitPrice":3.69,"value":3.69,"__typename":"Price"},"purchasable":null,"productProposedPackaging":1,"productProposedPackaging2":null,"stock":{"inStock":true,"inStockBeforeMaxAdvanceOrderingDate":false,"partiallyInStock":false,"availableFromDate":null,"__typename":"Stock"},"url":"/nl-be/shop/Conserven/Vis-in-conserve/Tonijn-in-conserve/Tonijn-Olijfolie/p/S2016030403635770000","previouslyBought":false,"nutriScoreLetter":"C","isLowPriceGuarantee":null,"freeGift":null,"plasticFee":false,"__typename":"Product"},{"available":true,"averageRating":null,"numberOfReviews":null,"manufacturerName":"Delhaize","manufacturerSubBrandName":"Bio","code":"S2016031803640280000","badges":[],"badgeBrand":null,"promoBadges":null,"delivered":null,"littleLion":false,"freshnessDuration":0,"freshnessDurationTipFormatted":"Dit product zal 0 dagen vers blijven","frozen":false,"recyclable":false,"images":[{"format":"thumbnail","imageType":"PRIMARY","url":"/medias/sys_master/h25/hef/11254453665822.jpg","__typename":"Image"},{"format":"thumbnailGrid","imageType":"PRIMARY","url":"/medias/sys_master/h06/h57/11254453600286.jpg","__typename":"Image"},{"format":"respListGrid","imageType":"PRIMARY","url":"/medias/sys_master/hd8/h3f/11254453927966.jpg","__typename":"Image"},{"format":"zoom","imageType":"PRIMARY","url":"/medias/sys_master/h22/h7f/11254453534750.jpg","__typename":"Image"}],"maxOrderQuantity":250,"limitedAssortment":null,"name":"Bruin Tarwemeel | Bio","onlineExclusive":false,"potentialPromotions":[],"price":{"approximatePriceSymbol":"+/-","currencySymbol":"€","formattedValue":"€1,35","priceType":"BUY","supplementaryPriceLabel1":"1,35 €/kg","supplementaryPriceLabel2":"1 kg","showStrikethroughPrice":false,"discountedPriceFormatted":"€1,35","discountedUnitPriceFormatted":"1,35 €/kg","unit":"piece","unitPriceFormatted":"1,35","unitCode":"pieces","unitPrice":1.35,"value":1.35,"__typename":"Price"},"purchasable":null,"productProposedPackaging":1,"productProposedPackaging2":null,"stock":{"inStock":true,"inStockBeforeMaxAdvanceOrderingDate":false,"partiallyInStock":false,"availableFromDate":null,"__typename":"Stock"},"url":"/nl-be/shop/Zoete-kruidenierswaren/Dessertbereidingen/Bloem/Bruin-Tarwemeel-Bio/p/S2016031803640280000","previouslyBought":false,"nutriScoreLetter":"A","isLowPriceGuarantee":null,"freeGift":null,"plasticFee":false,"__typename":"Product"},{"available":true,"averageRating":null,"numberOfReviews":null,"manufacturerName":"Alpro","manufacturerSubBrandName":null,"code":"S2016041803645660000","badges":[],"badgeBrand":null,"promoBadges":null,"delivered":null,"littleLion":false,"freshnessDuration":0,"freshnessDurationTipFormatted":"Dit product zal 0 dagen vers blijven","frozen":false,"recyclable":false,"images":[{"format":"thumbnail","imageType":"PRIMARY","url":"/medias/sys_master/hd0/h4b/10992916103198.jpg","__typename":"Image"},{"format":"thumbnailGrid","imageType":"PRIMARY","url":"/medias/sys_master/h58/h8a/10992916037662.jpg","__typename":"Image"},{"format":"respListGrid","imageType":"PRIMARY","url":"/medias/sys_master/hee/hd9/10992916365342.jpg","__typename":"Image"},{"format":"zoom","imageType":"PRIMARY","url":"/medias/sys_master/h23/hfd/10992915972126.jpg","__typename":"Image"}],"maxOrderQuantity":250,"limitedAssortment":null,"name":"100 Kcal | Choco | Soja","onlineExclusive":false,"potentialPromotions":[],"price":{"approximatePriceSymbol":"+/-","currencySymbol":"€","formattedValue":"€2,79","priceType":"BUY","supplementaryPriceLabel1":"3,72 €/l","supplementaryPriceLabel2":"3 x 25 cl","showStrikethroughPrice":false,"discountedPriceFormatted":"€2,79","discountedUnitPriceFormatted":"2,79 €/l","unit":"piece","unitPriceFormatted":"2,79","unitCode":"pieces","unitPrice":2.79,"value":2.79,"__typename":"Price"},"purchasable":null,"productProposedPackaging":1,"productProposedPackaging2":null,"stock":{"inStock":true,"inStockBeforeMaxAdvanceOrderingDate":false,"partiallyInStock":false,"availableFromDate":null,"__typename":"Stock"},"url":"/nl-be/shop/Zuivel-en-kaas/Plantaardige-dranken/100-Kcal-Choco-Soja/p/S2016041803645660000","previouslyBought":false,"nutriScoreLetter":"A","isLowPriceGuarantee":null,"freeGift":null,"plasticFee":false,"__typename":"Product"},{"available":true,"averageRating":null,"numberOfReviews":null,"manufacturerName":"LU","manufacturerSubBrandName":"Prince","code":"S2016042603647230000","badges":[],"badgeBrand":null,"promoBadges":null,"delivered":null,"littleLion":false,"freshnessDuration":0,"freshnessDurationTipFormatted":"Dit product zal 0 dagen vers blijven","frozen":false,"recyclable":false,"images":[{"format":"thumbnail","imageType":"PRIMARY","url":"/medias/sys_master/h24/h12/11570268733470.jpg","__typename":"Image"},{"format":"thumbnailGrid","imageType":"PRIMARY","url":"/medias/sys_master/hfe/he5/11570268667934.jpg","__typename":"Image"},{"format":"respListGrid","imageType":"PRIMARY","url":"/medias/sys_master/h6b/hca/11570268995614.jpg","__typename":"Image"},{"format":"zoom","imageType":"PRIMARY","url":"/medias/sys_master/he2/h81/11570268602398.jpg","__typename":"Image"}],"maxOrderQuantity":250,"limitedAssortment":null,"name":"Koekjes | Black&White | Mini stars","onlineExclusive":false,"potentialPromotions":[],"price":{"approximatePriceSymbol":"+/-","currencySymbol":"€","formattedValue":"€2,49","priceType":"BUY","supplementaryPriceLabel1":"13,32 €/kg","supplementaryPriceLabel2":"187 gr","showStrikethroughPrice":false,"discountedPriceFormatted":"€2,49","discountedUnitPriceFormatted":"2,49 €/kg","unit":"piece","unitPriceFormatted":"2,49","unitCode":"pieces","unitPrice":2.49,"value":2.49,"__typename":"Price"},"purchasable":null,"productProposedPackaging":1,"productProposedPackaging2":null,"stock":{"inStock":true,"inStockBeforeMaxAdvanceOrderingDate":false,"partiallyInStock":false,"availableFromDate":null,"__typename":"Stock"},"url":"/nl-be/shop/Zoete-kruidenierswaren/Koekjes/Kids-biscuits/Koekjes-Black-and-White-Mini-stars/p/S2016042603647230000","previouslyBought":false,"nutriScoreLetter":"E","isLowPriceGuarantee":null,"freeGift":null,"plasticFee":false,"__typename":"Product"},{"available":true,"averageRating":null,"numberOfReviews":null,"manufacturerName":"Delhaize","manufacturerSubBrandName":null,"code":"S2016012903623060000","badges":[],"badgeBrand":null,"promoBadges":null,"delivered":null,"littleLion":false,"freshnessDuration":0,"freshnessDurationTipFormatted":"Dit product zal 0 dagen vers blijven","frozen":false,"recyclable":false,"images":[{"format":"thumbnail","imageType":"PRIMARY","url":"/medias/sys_master/h4b/hef/11438556479518.jpg","__typename":"Image"},{"format":"thumbnailGrid","imageType":"PRIMARY","url":"/medias/sys_master/hf4/hdb/11438556413982.jpg","__typename":"Image"},{"format":"respListGrid","imageType":"PRIMARY","url":"/medias/sys_master/h75/hd4/11438556741662.jpg","__typename":"Image"},{"format":"zoom","imageType":"PRIMARY","url":"/medias/sys_master/h93/h5d/11438556348446.jpg","__typename":"Image"}],"maxOrderQuantity":250,"limitedAssortment":null,"name":"Voeding kat | Terrine | Rund","onlineExclusive":false,"potentialPromotions":[],"price":{"approximatePriceSymbol":"+/-","currencySymbol":"€","formattedValue":"€0,65","priceType":"BUY","supplementaryPriceLabel1":"1,63 €/kg","supplementaryPriceLabel2":"400 gr","showStrikethroughPrice":false,"discountedPriceFormatted":"€0,65","discountedUnitPriceFormatted":"0,65 €/kg","unit":"piece","unitPriceFormatted":"0,65","unitCode":"pieces","unitPrice":0.65,"value":0.65,"__typename":"Price"},"purchasable":null,"productProposedPackaging":1,"productProposedPackaging2":null,"stock":{"inStock":true,"inStockBeforeMaxAdvanceOrderingDate":false,"partiallyInStock":false,"availableFromDate":null,"__typename":"Stock"},"url":"/nl-be/shop/Huisdieren/Katten/Natvoer-kat/Blikken-en-koepels/Voeding-kat-Terrine-Rund/p/S2016012903623060000","previouslyBought":false,"nutriScoreLetter":null,"isLowPriceGuarantee":null,"freeGift":null,"plasticFee":false,"__typename":"Product"},{"available":true,"averageRating":null,"numberOfReviews":null,"manufacturerName":"Alpro","manufacturerSubBrandName":null,"code":"S2016062103656490000","badges":[],"badgeBrand":null,"promoBadges":null,"delivered":null,"littleLion":false,"freshnessDuration":0,"freshnessDurationTipFormatted":"Dit product zal 0 dagen vers blijven","frozen":false,"recyclable":false,"images":[{"format":"thumbnail","imageType":"PRIMARY","url":"/medias/sys_master/h03/h0d/11206302924830.jpg","__typename":"Image"},{"format":"thumbnailGrid","imageType":"PRIMARY","url":"/medias/sys_master/h08/hb9/11206302859294.jpg","__typename":"Image"},{"format":"respListGrid","imageType":"PRIMARY","url":"/medias/sys_master/hd3/hfc/11206303186974.jpg","__typename":"Image"},{"format":"zoom","imageType":"PRIMARY","url":"/medias/sys_master/h3e/hda/11206302793758.jpg","__typename":"Image"}],"maxOrderQuantity":250,"limitedAssortment":null,"name":"Amandel| Ongeroosterd | Zonder Suikers","onlineExclusive":false,"potentialPromotions":[],"price":{"approximatePriceSymbol":"+/-","currencySymbol":"€","formattedValue":"€2,89","priceType":"BUY","supplementaryPriceLabel1":"2,89 €/l","supplementaryPriceLabel2":"1 l","showStrikethroughPrice":false,"discountedPriceFormatted":"€2,89","discountedUnitPriceFormatted":"2,89 €/l","unit":"piece","unitPriceFormatted":"2,89","unitCode":"pieces","unitPrice":2.89,"value":2.89,"__typename":"Price"},"purchasable":null,"productProposedPackaging":1,"productProposedPackaging2":null,"stock":{"inStock":true,"inStockBeforeMaxAdvanceOrderingDate":false,"partiallyInStock":false,"availableFromDate":null,"__typename":"Stock"},"url":"/nl-be/shop/Zuivel-en-kaas/Plantaardige-dranken/Amandel-Ongeroosterd-Zonder-Suikers/p/S2016062103656490000","previouslyBought":false,"nutriScoreLetter":"B","isLowPriceGuarantee":null,"freeGift":null,"plasticFee":false,"__typename":"Product"},{"available":true,"averageRating":null,"numberOfReviews":null,"manufacturerName":"365","manufacturerSubBrandName":null,"code":"S2016071503659440000","badges":[],"badgeBrand":null,"promoBadges":null,"delivered":null,"littleLion":false,"freshnessDuration":0,"freshnessDurationTipFormatted":"Dit product zal 0 dagen vers blijven","frozen":false,"recyclable":false,"images":[{"format":"thumbnail","imageType":"PRIMARY","url":"/medias/sys_master/hd3/hbc/10989673873438.jpg","__typename":"Image"},{"format":"thumbnailGrid","imageType":"PRIMARY","url":"/medias/sys_master/h90/h6c/10989673807902.jpg","__typename":"Image"},{"format":"respListGrid","imageType":"PRIMARY","url":"/medias/sys_master/h86/h88/10989674135582.jpg","__typename":"Image"},{"format":"zoom","imageType":"PRIMARY","url":"/medias/sys_master/h75/hb1/10989673742366.jpg","__typename":"Image"}],"maxOrderQuantity":250,"limitedAssortment":null,"name":"Asperges | Wit","onlineExclusive":false,"potentialPromotions":[],"price":{"approximatePriceSymbol":"+/-","currencySymbol":"€","formattedValue":"€0,99","priceType":"BUY","supplementaryPriceLabel1":"9,00 €/kg","supplementaryPriceLabel2":"110 gr","showStrikethroughPrice":false,"discountedPriceFormatted":"€0,99","discountedUnitPriceFormatted":"0,99 €/kg","unit":"piece","unitPriceFormatted":"0,99","unitCode":"pieces","unitPrice":0.99,"value":0.99,"__typename":"Price"},"purchasable":null,"productProposedPackaging":1,"productProposedPackaging2":null,"stock":{"inStock":true,"inStockBeforeMaxAdvanceOrderingDate":false,"partiallyInStock":false,"availableFromDate":null,"__typename":"Stock"},"url":"/nl-be/shop/Conserven/Groenten-in-conserve/Asperges-in-conserve/Witte-asperges-in-conserve/Asperges-Wit/p/S2016071503659440000","previouslyBought":false,"nutriScoreLetter":"A","isLowPriceGuarantee":null,"freeGift":null,"plasticFee":false,"__typename":"Product"},{"available":true,"averageRating":null,"numberOfReviews":null,"manufacturerName":"Tienen-Tirlemont","manufacturerSubBrandName":null,"code":"S2016062803657510000","badges":[],"badgeBrand":null,"promoBadges":null,"delivered":null,"littleLion":false,"freshnessDuration":0,"freshnessDurationTipFormatted":"Dit product zal 0 dagen vers blijven","frozen":false,"recyclable":false,"images":[{"format":"thumbnail","imageType":"PRIMARY","url":"/medias/sys_master/h0e/hcd/11206266421278.jpg","__typename":"Image"},{"format":"thumbnailGrid","imageType":"PRIMARY","url":"/medias/sys_master/hc7/h5c/11206266355742.jpg","__typename":"Image"},{"format":"respListGrid","imageType":"PRIMARY","url":"/medias/sys_master/h32/h0d/11206266683422.jpg","__typename":"Image"},{"format":"zoom","imageType":"PRIMARY","url":"/medias/sys_master/hc8/h2f/11206266290206.jpg","__typename":"Image"}],"maxOrderQuantity":250,"limitedAssortment":null,"name":"Bloemsuiker","onlineExclusive":false,"potentialPromotions":[],"price":{"approximatePriceSymbol":"+/-","currencySymbol":"€","formattedValue":"€0,69","priceType":"BUY","supplementaryPriceLabel1":"2,76 €/kg","supplementaryPriceLabel2":"250 gr","showStrikethroughPrice":false,"discountedPriceFormatted":"€0,69","discountedUnitPriceFormatted":"0,69 €/kg","unit":"piece","unitPriceFormatted":"0,69","unitCode":"pieces","unitPrice":0.69,"value":0.69,"__typename":"Price"},"purchasable":null,"productProposedPackaging":1,"productProposedPackaging2":null,"stock":{"inStock":true,"inStockBeforeMaxAdvanceOrderingDate":false,"partiallyInStock":false,"availableFromDate":null,"__typename":"Stock"},"url":"/nl-be/shop/Zoete-kruidenierswaren/Dessertbereidingen/Suiker/Bloemsuiker/p/S2016062803657510000","previouslyBought":false,"nutriScoreLetter":"D","isLowPriceGuarantee":null,"freeGift":null,"plasticFee":false,"__typename":"Product"},{"available":true,"averageRating":null,"numberOfReviews":null,"manufacturerName":"Vranken","manufacturerSubBrandName":"La Demoiselle","code":"S2010072900240350001","badges":[],"badgeBrand":null,"promoBadges":null,"delivered":null,"littleLion":false,"freshnessDuration":0,"freshnessDurationTipFormatted":"Dit product zal 0 dagen vers blijven","frozen":false,"recyclable":false,"images":[{"format":"thumbnail","imageType":"PRIMARY","url":"/medias/sys_master/hfe/h5c/11150731771934.jpg","__typename":"Image"},{"format":"thumbnailGrid","imageType":"PRIMARY","url":"/medias/sys_master/hd0/hcf/11150731706398.jpg","__typename":"Image"},{"format":"respListGrid","imageType":"PRIMARY","url":"/medias/sys_master/h2d/h6c/11150732034078.jpg","__typename":"Image"},{"format":"zoom","imageType":"PRIMARY","url":"/medias/sys_master/he9/h92/11150731575326.jpg","__typename":"Image"}],"maxOrderQuantity":250,"limitedAssortment":null,"name":"Champagne brut","onlineExclusive":false,"potentialPromotions":[{"alternativePromotionMessage":null,"alternativePromotionBadge":null,"code":"BE11027565","priceToBurn":0,"promotionType":"Buy X Get Percentage Off All Products","pickAndMix":true,"qualifyingCount":3,"freeCount":null,"range":false,"redemptionLevel":"MASS","toDisplay":true,"description":"2+1 gratis","title":"2+1_gratis","promoBooster":false,"simplePromotionMessage":"-34% bij aankoop van 3 producten","offerType":null,"restrictionType":null,"priority":null,"__typename":"Promotion"}],"price":{"approximatePriceSymbol":"+/-","currencySymbol":"€","formattedValue":"€31,99","priceType":"BUY","supplementaryPriceLabel1":"42,65 €/l","supplementaryPriceLabel2":"75 cl","showStrikethroughPrice":false,"discountedPriceFormatted":"€31,99","discountedUnitPriceFormatted":"31,99 €/l","unit":"piece","unitPriceFormatted":"31,99","unitCode":"pieces","unitPrice":31.99,"value":31.99,"__typename":"Price"},"purchasable":null,"productProposedPackaging":1,"productProposedPackaging2":4,"stock":{"inStock":true,"inStockBeforeMaxAdvanceOrderingDate":false,"partiallyInStock":false,"availableFromDate":null,"__typename":"Stock"},"url":"/nl-be/shop/Wijn-en-bubbels/Bubbels/Champagne/Wit/Champagne-brut/p/S2010072900240350001","previouslyBought":false,"nutriScoreLetter":null,"isLowPriceGuarantee":null,"freeGift":null,"plasticFee":false,"__typename":"Product"},{"available":true,"averageRating":null,"numberOfReviews":null,"manufacturerName":"Vranken","manufacturerSubBrandName":null,"code":"S2010080200240290001","badges":[],"badgeBrand":null,"promoBadges":null,"delivered":null,"littleLion":false,"freshnessDuration":0,"freshnessDurationTipFormatted":"Dit product zal 0 dagen vers blijven","frozen":false,"recyclable":false,"images":[{"format":"thumbnail","imageType":"PRIMARY","url":"/medias/sys_master/h33/haa/11189692268574.jpg","__typename":"Image"},{"format":"thumbnailGrid","imageType":"PRIMARY","url":"/medias/sys_master/h01/h76/11189692203038.jpg","__typename":"Image"},{"format":"respListGrid","imageType":"PRIMARY","url":"/medias/sys_master/h31/hd4/11189692530718.jpg","__typename":"Image"},{"format":"zoom","imageType":"PRIMARY","url":"/medias/sys_master/hb9/h08/11189692071966.jpg","__typename":"Image"}],"maxOrderQuantity":250,"limitedAssortment":null,"name":"Vranken Gr Demi-Sec","onlineExclusive":false,"potentialPromotions":[{"alternativePromotionMessage":null,"alternativePromotionBadge":null,"code":"BE11027563","priceToBurn":0,"promotionType":"Buy X Get Percentage Off All Products","pickAndMix":false,"qualifyingCount":1,"freeCount":null,"range":true,"redemptionLevel":"MASS","toDisplay":true,"description":"-25%","title":"-25%","promoBooster":false,"simplePromotionMessage":"-25% bij aankoop van 1 product","offerType":null,"restrictionType":null,"priority":null,"__typename":"Promotion"}],"price":{"approximatePriceSymbol":"+/-","currencySymbol":"€","formattedValue":"€27,99","priceType":"BUY","supplementaryPriceLabel1":"37,32 €/l","supplementaryPriceLabel2":"75 cl","showStrikethroughPrice":true,"discountedPriceFormatted":"€20,99","discountedUnitPriceFormatted":"27,99 €/l","unit":"piece","unitPriceFormatted":"27,99","unitCode":"pieces","unitPrice":27.99,"value":27.99,"__typename":"Price"},"purchasable":null,"productProposedPackaging":1,"productProposedPackaging2":4,"stock":{"inStock":true,"inStockBeforeMaxAdvanceOrderingDate":false,"partiallyInStock":false,"availableFromDate":null,"__typename":"Stock"},"url":"/nl-be/shop/Wijn-en-bubbels/Bubbels/Champagne/Wit/Vranken-Gr-Demi-Sec/p/S2010080200240290001","previouslyBought":false,"nutriScoreLetter":null,"isLowPriceGuarantee":null,"freeGift":null,"plasticFee":false,"__typename":"Product"},{"available":true,"averageRating":null,"numberOfReviews":null,"manufacturerName":"Delhaize","manufacturerSubBrandName":"Bio","code":"S2010081200278680000","badges":[],"badgeBrand":null,"promoBadges":null,"delivered":null,"littleLion":false,"freshnessDuration":0,"freshnessDurationTipFormatted":"Dit product zal 0 dagen vers blijven","frozen":true,"recyclable":false,"images":[{"format":"thumbnail","imageType":"PRIMARY","url":"/medias/sys_master/hba/h6c/11004796043294.jpg","__typename":"Image"},{"format":"thumbnailGrid","imageType":"PRIMARY","url":"/medias/sys_master/h12/h53/11004795977758.jpg","__typename":"Image"},{"format":"respListGrid","imageType":"PRIMARY","url":"/medias/sys_master/h10/hf6/11004796305438.jpg","__typename":"Image"},{"format":"zoom","imageType":"PRIMARY","url":"/medias/sys_master/hd2/hca/11004795912222.jpg","__typename":"Image"}],"maxOrderQuantity":250,"limitedAssortment":null,"name":"Pizza | Margherita | Bio","onlineExclusive":false,"potentialPromotions":[],"price":{"approximatePriceSymbol":"+/-","currencySymbol":"€","formattedValue":"€2,75","priceType":"BUY","supplementaryPriceLabel1":"9,17 €/kg","supplementaryPriceLabel2":"300 gr","showStrikethroughPrice":false,"discountedPriceFormatted":"€2,75","discountedUnitPriceFormatted":"2,75 €/kg","unit":"piece","unitPriceFormatted":"2,75","unitCode":"pieces","unitPrice":2.75,"value":2.75,"__typename":"Price"},"purchasable":null,"productProposedPackaging":1,"productProposedPackaging2":null,"stock":{"inStock":true,"inStockBeforeMaxAdvanceOrderingDate":false,"partiallyInStock":false,"availableFromDate":null,"__typename":"Stock"},"url":"/nl-be/shop/Diepvries/Pizza-s/Italiaanse-stijl/Pizza-Margherita-Bio/p/S2010081200278680000","previouslyBought":false,"nutriScoreLetter":"B","isLowPriceGuarantee":null,"freeGift":null,"plasticFee":false,"__typename":"Product"},{"available":true,"averageRating":null,"numberOfReviews":null,"manufacturerName":"Weetabix","manufacturerSubBrandName":null,"code":"S2010082300045400000","badges":[],"badgeBrand":null,"promoBadges":null,"delivered":null,"littleLion":false,"freshnessDuration":0,"freshnessDurationTipFormatted":"Dit product zal 0 dagen vers blijven","frozen":false,"recyclable":false,"images":[{"format":"thumbnail","imageType":"PRIMARY","url":"/medias/sys_master/h91/h0b/11189799485470.jpg","__typename":"Image"},{"format":"thumbnailGrid","imageType":"PRIMARY","url":"/medias/sys_master/h7d/he4/11189799419934.jpg","__typename":"Image"},{"format":"respListGrid","imageType":"PRIMARY","url":"/medias/sys_master/he7/h94/11189799747614.jpg","__typename":"Image"},{"format":"zoom","imageType":"PRIMARY","url":"/medias/sys_master/h98/h9f/11189799354398.jpg","__typename":"Image"}],"maxOrderQuantity":250,"limitedAssortment":null,"name":"Ontbijtgranen | Mini chocolade","onlineExclusive":false,"potentialPromotions":[],"price":{"approximatePriceSymbol":"+/-","currencySymbol":"€","formattedValue":"€4,25","priceType":"BUY","supplementaryPriceLabel1":"9,44 €/kg","supplementaryPriceLabel2":"450 gr","showStrikethroughPrice":false,"discountedPriceFormatted":"€4,25","discountedUnitPriceFormatted":"4,25 €/kg","unit":"piece","unitPriceFormatted":"4,25","unitCode":"pieces","unitPrice":4.25,"value":4.25,"__typename":"Price"},"purchasable":null,"productProposedPackaging":1,"productProposedPackaging2":null,"stock":{"inStock":true,"inStockBeforeMaxAdvanceOrderingDate":false,"partiallyInStock":false,"availableFromDate":null,"__typename":"Stock"},"url":"/nl-be/shop/Zoete-kruidenierswaren/Ontbijt/Ontbijtgranen/Klassieke-ontbijtgranen/Ontbijtgranen-Mini-chocolade/p/S2010082300045400000","previouslyBought":false,"nutriScoreLetter":"A","isLowPriceGuarantee":null,"freeGift":null,"plasticFee":false,"__typename":"Product"},{"available":true,"averageRating":null,"numberOfReviews":null,"manufacturerName":"Kettle","manufacturerSubBrandName":"Discoveries","code":"S2010112400027220000","badges":[],"badgeBrand":null,"promoBadges":null,"delivered":null,"littleLion":false,"freshnessDuration":0,"freshnessDurationTipFormatted":"Dit product zal 0 dagen vers blijven","frozen":false,"recyclable":false,"images":[{"format":"thumbnail","imageType":"PRIMARY","url":"/medias/sys_master/h71/h01/11077359927326.jpg","__typename":"Image"},{"format":"thumbnailGrid","imageType":"PRIMARY","url":"/medias/sys_master/h1f/h65/11077359861790.jpg","__typename":"Image"},{"format":"respListGrid","imageType":"PRIMARY","url":"/medias/sys_master/he8/h9e/11077360189470.jpg","__typename":"Image"},{"format":"zoom","imageType":"PRIMARY","url":"/medias/sys_master/h7f/he3/11077359796254.jpg","__typename":"Image"}],"maxOrderQuantity":250,"limitedAssortment":null,"name":"Chips | Sea salt & Balsamic vinegar","onlineExclusive":false,"potentialPromotions":[],"price":{"approximatePriceSymbol":"+/-","currencySymbol":"€","formattedValue":"€2,29","priceType":"BUY","supplementaryPriceLabel1":"15,27 €/kg","supplementaryPriceLabel2":"150 gr","showStrikethroughPrice":false,"discountedPriceFormatted":"€2,29","discountedUnitPriceFormatted":"2,29 €/kg","unit":"piece","unitPriceFormatted":"2,29","unitCode":"pieces","unitPrice":2.29,"value":2.29,"__typename":"Price"},"purchasable":null,"productProposedPackaging":1,"productProposedPackaging2":null,"stock":{"inStock":true,"inStockBeforeMaxAdvanceOrderingDate":false,"partiallyInStock":false,"availableFromDate":null,"__typename":"Stock"},"url":"/nl-be/shop/Zoute-kruidenierswaren/Chips-en-aperitief-snacks/Chips/Klassieke-chips/Chips-Sea-salt-and-Balsamic-vinegar/p/S2010112400027220000","previouslyBought":false,"nutriScoreLetter":"C","isLowPriceGuarantee":null,"freeGift":null,"plasticFee":false,"__typename":"Product"},{"available":true,"averageRating":null,"numberOfReviews":null,"manufacturerName":"Wagner","manufacturerSubBrandName":"Piccolinis","code":"S2011032800279420000","badges":[],"badgeBrand":null,"promoBadges":null,"delivered":null,"littleLion":false,"freshnessDuration":0,"freshnessDurationTipFormatted":"Dit product zal 0 dagen vers blijven","frozen":true,"recyclable":false,"images":[{"format":"thumbnail","imageType":"PRIMARY","url":"/medias/sys_master/h16/h91/11624548139038.jpg","__typename":"Image"},{"format":"thumbnailGrid","imageType":"PRIMARY","url":"/medias/sys_master/h30/h72/11624548073502.jpg","__typename":"Image"},{"format":"respListGrid","imageType":"PRIMARY","url":"/medias/sys_master/h55/hcd/11624548401182.jpg","__typename":"Image"},{"format":"zoom","imageType":"PRIMARY","url":"/medias/sys_master/h67/hae/11624548007966.jpg","__typename":"Image"}],"maxOrderQuantity":250,"limitedAssortment":null,"name":"Proscuitto","onlineExclusive":false,"potentialPromotions":[],"price":{"approximatePriceSymbol":"+/-","currencySymbol":"€","formattedValue":"€4,39","priceType":"BUY","supplementaryPriceLabel1":"16,26 €/kg","supplementaryPriceLabel2":"9 x 30 gr","showStrikethroughPrice":false,"discountedPriceFormatted":"€4,39","discountedUnitPriceFormatted":"4,39 €/kg","unit":"piece","unitPriceFormatted":"4,39","unitCode":"pieces","unitPrice":4.39,"value":4.39,"__typename":"Price"},"purchasable":null,"productProposedPackaging":1,"productProposedPackaging2":null,"stock":{"inStock":true,"inStockBeforeMaxAdvanceOrderingDate":false,"partiallyInStock":false,"availableFromDate":null,"__typename":"Stock"},"url":"/nl-be/shop/Diepvries/Bereide-schotels/Aperitiefhapjes/Proscuitto/p/S2011032800279420000","previouslyBought":false,"nutriScoreLetter":null,"isLowPriceGuarantee":null,"freeGift":null,"plasticFee":false,"__typename":"Product"},{"available":true,"averageRating":null,"numberOfReviews":null,"manufacturerName":"Delhaize","manufacturerSubBrandName":"Bio","code":"S2011111700101780000","badges":[],"badgeBrand":null,"promoBadges":null,"delivered":null,"littleLion":false,"freshnessDuration":0,"freshnessDurationTipFormatted":"Dit product zal 0 dagen vers blijven","frozen":false,"recyclable":false,"images":[{"format":"thumbnail","imageType":"PRIMARY","url":"/medias/sys_master/hc8/h8e/11456977731614.jpg","__typename":"Image"},{"format":"thumbnailGrid","imageType":"PRIMARY","url":"/medias/sys_master/h44/h37/11456977666078.jpg","__typename":"Image"},{"format":"respListGrid","imageType":"PRIMARY","url":"/medias/sys_master/h74/h95/11456977993758.jpg","__typename":"Image"},{"format":"zoom","imageType":"PRIMARY","url":"/medias/sys_master/hef/h02/11456977600542.jpg","__typename":"Image"}],"maxOrderQuantity":250,"limitedAssortment":null,"name":"Rijst | Half volkoren | Bio","onlineExclusive":false,"potentialPromotions":[],"price":{"approximatePriceSymbol":"+/-","currencySymbol":"€","formattedValue":"€2,19","priceType":"BUY","supplementaryPriceLabel1":"4,38 €/kg","supplementaryPriceLabel2":"500 gr","showStrikethroughPrice":false,"discountedPriceFormatted":"€2,19","discountedUnitPriceFormatted":"2,19 €/kg","unit":"piece","unitPriceFormatted":"2,19","unitCode":"pieces","unitPrice":2.19,"value":2.19,"__typename":"Price"},"purchasable":null,"productProposedPackaging":1,"productProposedPackaging2":null,"stock":{"inStock":true,"inStockBeforeMaxAdvanceOrderingDate":false,"partiallyInStock":false,"availableFromDate":null,"__typename":"Stock"},"url":"/nl-be/shop/Zoute-kruidenierswaren/Pasta-rijst-en-andere-zetmeelproducten/Rijst/Langkorrelige-rijst/Rijst-Half-volkoren-Bio/p/S2011111700101780000","previouslyBought":false,"nutriScoreLetter":"A","isLowPriceGuarantee":null,"freeGift":null,"plasticFee":false,"__typename":"Product"}],"breadcrumbs":[],"facets":[{"code":"wineTypeFacet","name":"Wijnsoort","category":false,"facetUiType":"LONG_MULTI_SELECT_LIST","values":[{"code":"v2WINBUB","count":176,"name":"Bubbels","query":{"query":{"value":"searchQuery=:relevance:wineTypeFacet:v2WINBUB","__typename":"InternalPageQuery"},"__typename":"PageQuery"},"selected":false,"__typename":"FacetValue"},{"code":"v2WINRED","count":521,"name":"Rode wijn","query":{"query":{"value":"searchQuery=:relevance:wineTypeFacet:v2WINRED","__typename":"InternalPageQuery"},"__typename":"PageQuery"},"selected":false,"__typename":"FacetValue"},{"code":"v2WINROS","count":61,"name":"Rosé wijn","query":{"query":{"value":"searchQuery=:relevance:wineTypeFacet:v2WINROS","__typename":"InternalPageQuery"},"__typename":"PageQuery"},"selected":false,"__typename":"FacetValue"},{"code":"v2WINWHI","count":212,"name":"Witte wijn","query":{"query":{"value":"searchQuery=:relevance:wineTypeFacet:v2WINWHI","__typename":"InternalPageQuery"},"__typename":"PageQuery"},"selected":false,"__typename":"FacetValue"}],"__typename":"Facet"},{"code":"offers","name":"Aanbiedingen","category":false,"facetUiType":"QUICK_FILTER","values":[{"code":"true","count":1484,"name":"true","query":{"query":{"value":"searchQuery=:relevance:offers:true","__typename":"InternalPageQuery"},"__typename":"PageQuery"},"selected":false,"__typename":"FacetValue"}],"__typename":"Facet"},{"code":"ownBrands","name":"Delhaize merken","category":false,"facetUiType":"QUICK_FILTER","values":[{"code":"true","count":3776,"name":"true","query":{"query":{"value":"searchQuery=:relevance:ownBrands:true","__typename":"InternalPageQuery"},"__typename":"PageQuery"},"selected":false,"__typename":"FacetValue"}],"__typename":"Facet"},{"code":"wineCountry","name":"Land","category":false,"facetUiType":null,"values":[{"code":"Frankrijk","count":389,"name":"Frankrijk","query":{"query":{"value":"searchQuery=:relevance:wineCountry:Frankrijk","__typename":"InternalPageQuery"},"__typename":"PageQuery"},"selected":false,"__typename":"FacetValue"},{"code":"Italië","count":110,"name":"Italië","query":{"query":{"value":"searchQuery=:relevance:wineCountry:Itali%C3%AB","__typename":"InternalPageQuery"},"__typename":"PageQuery"},"selected":false,"__typename":"FacetValue"},{"code":"Spanje","count":62,"name":"Spanje","query":{"query":{"value":"searchQuery=:relevance:wineCountry:Spanje","__typename":"InternalPageQuery"},"__typename":"PageQuery"},"selected":false,"__typename":"FacetValue"},{"code":"Chili","count":40,"name":"Chili","query":{"query":{"value":"searchQuery=:relevance:wineCountry:Chili","__typename":"InternalPageQuery"},"__typename":"PageQuery"},"selected":false,"__typename":"FacetValue"},{"code":"Australië","count":35,"name":"Australië","query":{"query":{"value":"searchQuery=:relevance:wineCountry:Australi%C3%AB","__typename":"InternalPageQuery"},"__typename":"PageQuery"},"selected":false,"__typename":"FacetValue"},{"code":"Verenigde Staten","count":22,"name":"Verenigde Staten","query":{"query":{"value":"searchQuery=:relevance:wineCountry:Verenigde+Staten","__typename":"InternalPageQuery"},"__typename":"PageQuery"},"selected":false,"__typename":"FacetValue"},{"code":"Argentinië","count":16,"name":"Argentinië","query":{"query":{"value":"searchQuery=:relevance:wineCountry:Argentini%C3%AB","__typename":"InternalPageQuery"},"__typename":"PageQuery"},"selected":false,"__typename":"FacetValue"},{"code":"Portugal","count":11,"name":"Portugal","query":{"query":{"value":"searchQuery=:relevance:wineCountry:Portugal","__typename":"InternalPageQuery"},"__typename":"PageQuery"},"selected":false,"__typename":"FacetValue"},{"code":"Zuid-Afrika","count":11,"name":"Zuid-Afrika","query":{"query":{"value":"searchQuery=:relevance:wineCountry:Zuid-Afrika","__typename":"InternalPageQuery"},"__typename":"PageQuery"},"selected":false,"__typename":"FacetValue"},{"code":"Oostenrijk","count":9,"name":"Oostenrijk","query":{"query":{"value":"searchQuery=:relevance:wineCountry:Oostenrijk","__typename":"InternalPageQuery"},"__typename":"PageQuery"},"selected":false,"__typename":"FacetValue"},{"code":"België","count":7,"name":"België","query":{"query":{"value":"searchQuery=:relevance:wineCountry:Belgi%C3%AB","__typename":"InternalPageQuery"},"__typename":"PageQuery"},"selected":false,"__typename":"FacetValue"},{"code":"Duitsland","count":6,"name":"Duitsland","query":{"query":{"value":"searchQuery=:relevance:wineCountry:Duitsland","__typename":"InternalPageQuery"},"__typename":"PageQuery"},"selected":false,"__typename":"FacetValue"},{"code":"Griekenland","count":6,"name":"Griekenland","query":{"query":{"value":"searchQuery=:relevance:wineCountry:Griekenland","__typename":"InternalPageQuery"},"__typename":"PageQuery"},"selected":false,"__typename":"FacetValue"},{"code":"Armenië","count":4,"name":"Armenië","query":{"query":{"value":"searchQuery=:relevance:wineCountry:Armeni%C3%AB","__typename":"InternalPageQuery"},"__typename":"PageQuery"},"selected":false,"__typename":"FacetValue"},{"code":"Bulgarije","count":4,"name":"Bulgarije","query":{"query":{"value":"searchQuery=:relevance:wineCountry:Bulgarije","__typename":"InternalPageQuery"},"__typename":"PageQuery"},"selected":false,"__typename":"FacetValue"},{"code":"Luxemburg","count":4,"name":"Luxemburg","query":{"query":{"value":"searchQuery=:relevance:wineCountry:Luxemburg","__typename":"InternalPageQuery"},"__typename":"PageQuery"},"selected":false,"__typename":"FacetValue"},{"code":"Hongarije","count":2,"name":"Hongarije","query":{"query":{"value":"searchQuery=:relevance:wineCountry:Hongarije","__typename":"InternalPageQuery"},"__typename":"PageQuery"},"selected":false,"__typename":"FacetValue"},{"code":"Marokko","count":2,"name":"Marokko","query":{"query":{"value":"searchQuery=:relevance:wineCountry:Marokko","__typename":"InternalPageQuery"},"__typename":"PageQuery"},"selected":false,"__typename":"FacetValue"},{"code":"Nieuw Zeeland","count":1,"name":"Nieuw Zeeland","query":{"query":{"value":"searchQuery=:relevance:wineCountry:Nieuw+Zeeland","__typename":"InternalPageQuery"},"__typename":"PageQuery"},"selected":false,"__typename":"FacetValue"},{"code":"Roemenië","count":1,"name":"Roemenië","query":{"query":{"value":"searchQuery=:relevance:wineCountry:Roemeni%C3%AB","__typename":"InternalPageQuery"},"__typename":"PageQuery"},"selected":false,"__typename":"FacetValue"},{"code":"Servië","count":1,"name":"Servië","query":{"query":{"value":"searchQuery=:relevance:wineCountry:Servi%C3%AB","__typename":"InternalPageQuery"},"__typename":"PageQuery"},"selected":false,"__typename":"FacetValue"},{"code":"Slovenië","count":1,"name":"Slovenië","query":{"query":{"value":"searchQuery=:relevance:wineCountry:Sloveni%C3%AB","__typename":"InternalPageQuery"},"__typename":"PageQuery"},"selected":false,"__typename":"FacetValue"},{"code":"Tsjechië","count":1,"name":"Tsjechië","query":{"query":{"value":"searchQuery=:relevance:wineCountry:Tsjechi%C3%AB","__typename":"InternalPageQuery"},"__typename":"PageQuery"},"selected":false,"__typename":"FacetValue"},{"code":"Uruguay","count":1,"name":"Uruguay","query":{"query":{"value":"searchQuery=:relevance:wineCountry:Uruguay","__typename":"InternalPageQuery"},"__typename":"PageQuery"},"selected":false,"__typename":"FacetValue"},{"code":"Verenigd Koninkrijk","count":1,"name":"Verenigd Koninkrijk","query":{"query":{"value":"searchQuery=:relevance:wineCountry:Verenigd+Koninkrijk","__typename":"InternalPageQuery"},"__typename":"PageQuery"},"selected":false,"__typename":"FacetValue"}],"__typename":"Facet"},{"code":"wineFoodAssociation","name":"Eten en wijn","category":false,"facetUiType":null,"values":[{"code":"Grilled meat","count":163,"name":"Gegrild vlees","query":{"query":{"value":"searchQuery=:relevance:wineFoodAssociation:Grilled+meat","__typename":"InternalPageQuery"},"__typename":"PageQuery"},"selected":false,"__typename":"FacetValue"},{"code":"Fish","count":146,"name":"Vis","query":{"query":{"value":"searchQuery=:relevance:wineFoodAssociation:Fish","__typename":"InternalPageQuery"},"__typename":"PageQuery"},"selected":false,"__typename":"FacetValue"},{"code":"Poultry","count":145,"name":"Gevogelte","query":{"query":{"value":"searchQuery=:relevance:wineFoodAssociation:Poultry","__typename":"InternalPageQuery"},"__typename":"PageQuery"},"selected":false,"__typename":"FacetValue"},{"code":"Roast","count":131,"name":"Gebraden","query":{"query":{"value":"searchQuery=:relevance:wineFoodAssociation:Roast","__typename":"InternalPageQuery"},"__typename":"PageQuery"},"selected":false,"__typename":"FacetValue"},{"code":"Wild game","count":126,"name":"Wild","query":{"query":{"value":"searchQuery=:relevance:wineFoodAssociation:Wild+game","__typename":"InternalPageQuery"},"__typename":"PageQuery"},"selected":false,"__typename":"FacetValue"},{"code":"Lamb","count":119,"name":"Lamsvlees","query":{"query":{"value":"searchQuery=:relevance:wineFoodAssociation:Lamb","__typename":"InternalPageQuery"},"__typename":"PageQuery"},"selected":false,"__typename":"FacetValue"},{"code":"Seafood","count":116,"name":"Zeevruchten","query":{"query":{"value":"searchQuery=:relevance:wineFoodAssociation:Seafood","__typename":"InternalPageQuery"},"__typename":"PageQuery"},"selected":false,"__typename":"FacetValue"},{"code":"Steak","count":113,"name":"Steak","query":{"query":{"value":"searchQuery=:relevance:wineFoodAssociation:Steak","__typename":"InternalPageQuery"},"__typename":"PageQuery"},"selected":false,"__typename":"FacetValue"},{"code":"Barbeque","count":94,"name":"Barbecue","query":{"query":{"value":"searchQuery=:relevance:wineFoodAssociation:Barbeque","__typename":"InternalPageQuery"},"__typename":"PageQuery"},"selected":false,"__typename":"FacetValue"},{"code":"Cheese platter","count":80,"name":"Kaasschotel","query":{"query":{"value":"searchQuery=:relevance:wineFoodAssociation:Cheese+platter","__typename":"InternalPageQuery"},"__typename":"PageQuery"},"selected":false,"__typename":"FacetValue"},{"code":"Mild cheeses","count":78,"name":"Milde kazen","query":{"query":{"value":"searchQuery=:relevance:wineFoodAssociation:Mild+cheeses","__typename":"InternalPageQuery"},"__typename":"PageQuery"},"selected":false,"__typename":"FacetValue"},{"code":"Pasta","count":69,"name":"Pasta","query":{"query":{"value":"searchQuery=:relevance:wineFoodAssociation:Pasta","__typename":"InternalPageQuery"},"__typename":"PageQuery"},"selected":false,"__typename":"FacetValue"},{"code":"Charcuterie","count":62,"name":"Vleeswaren","query":{"query":{"value":"searchQuery=:relevance:wineFoodAssociation:Charcuterie","__typename":"InternalPageQuery"},"__typename":"PageQuery"},"selected":false,"__typename":"FacetValue"},{"code":"Veal","count":60,"name":"Kalfsvlees","query":{"query":{"value":"searchQuery=:relevance:wineFoodAssociation:Veal","__typename":"InternalPageQuery"},"__typename":"PageQuery"},"selected":false,"__typename":"FacetValue"},{"code":"Salad","count":54,"name":"Sla","query":{"query":{"value":"searchQuery=:relevance:wineFoodAssociation:Salad","__typename":"InternalPageQuery"},"__typename":"PageQuery"},"selected":false,"__typename":"FacetValue"},{"code":"Strong cheeses","count":53,"name":"Sterke kazen","query":{"query":{"value":"searchQuery=:relevance:wineFoodAssociation:Strong+cheeses","__typename":"InternalPageQuery"},"__typename":"PageQuery"},"selected":false,"__typename":"FacetValue"},{"code":"Pork","count":51,"name":"Varkensvlees","query":{"query":{"value":"searchQuery=:relevance:wineFoodAssociation:Pork","__typename":"InternalPageQuery"},"__typename":"PageQuery"},"selected":false,"__typename":"FacetValue"},{"code":"Finger food","count":49,"name":"Aperitief","query":{"query":{"value":"searchQuery=:relevance:wineFoodAssociation:Finger+food","__typename":"InternalPageQuery"},"__typename":"PageQuery"},"selected":false,"__typename":"FacetValue"},{"code":"Sweet dessert","count":47,"name":"Dessert","query":{"query":{"value":"searchQuery=:relevance:wineFoodAssociation:Sweet+dessert","__typename":"InternalPageQuery"},"__typename":"PageQuery"},"selected":false,"__typename":"FacetValue"},{"code":"Sushi","count":45,"name":"Sushis","query":{"query":{"value":"searchQuery=:relevance:wineFoodAssociation:Sushi","__typename":"InternalPageQuery"},"__typename":"PageQuery"},"selected":false,"__typename":"FacetValue"},{"code":"Vegetables","count":44,"name":"Groenten","query":{"query":{"value":"searchQuery=:relevance:wineFoodAssociation:Vegetables","__typename":"InternalPageQuery"},"__typename":"PageQuery"},"selected":false,"__typename":"FacetValue"},{"code":"Tapas","count":40,"name":"Tapas","query":{"query":{"value":"searchQuery=:relevance:wineFoodAssociation:Tapas","__typename":"InternalPageQuery"},"__typename":"PageQuery"},"selected":false,"__typename":"FacetValue"},{"code":"Stew","count":38,"name":"Stoven","query":{"query":{"value":"searchQuery=:relevance:wineFoodAssociation:Stew","__typename":"InternalPageQuery"},"__typename":"PageQuery"},"selected":false,"__typename":"FacetValue"},{"code":"Chocolate","count":32,"name":"Chocolade","query":{"query":{"value":"searchQuery=:relevance:wineFoodAssociation:Chocolate","__typename":"InternalPageQuery"},"__typename":"PageQuery"},"selected":false,"__typename":"FacetValue"},{"code":"Foie Gras","count":25,"name":"Foie gras","query":{"query":{"value":"searchQuery=:relevance:wineFoodAssociation:Foie+Gras","__typename":"InternalPageQuery"},"__typename":"PageQuery"},"selected":false,"__typename":"FacetValue"},{"code":"Pizza","count":24,"name":"Pizza","query":{"query":{"value":"searchQuery=:relevance:wineFoodAssociation:Pizza","__typename":"InternalPageQuery"},"__typename":"PageQuery"},"selected":false,"__typename":"FacetValue"},{"code":"Spicy dishes","count":24,"name":"Pittige gerechten","query":{"query":{"value":"searchQuery=:relevance:wineFoodAssociation:Spicy+dishes","__typename":"InternalPageQuery"},"__typename":"PageQuery"},"selected":false,"__typename":"FacetValue"},{"code":"Fruit","count":22,"name":"Fruit","query":{"query":{"value":"searchQuery=:relevance:wineFoodAssociation:Fruit","__typename":"InternalPageQuery"},"__typename":"PageQuery"},"selected":false,"__typename":"FacetValue"},{"code":"Meat fondue","count":19,"name":"Bourgondische fondue","query":{"query":{"value":"searchQuery=:relevance:wineFoodAssociation:Meat+fondue","__typename":"InternalPageQuery"},"__typename":"PageQuery"},"selected":false,"__typename":"FacetValue"},{"code":"Sausage","count":15,"name":"Worst","query":{"query":{"value":"searchQuery=:relevance:wineFoodAssociation:Sausage","__typename":"InternalPageQuery"},"__typename":"PageQuery"},"selected":false,"__typename":"FacetValue"},{"code":"Sea mussels","count":14,"name":"Mosselen","query":{"query":{"value":"searchQuery=:relevance:wineFoodAssociation:Sea+mussels","__typename":"InternalPageQuery"},"__typename":"PageQuery"},"selected":false,"__typename":"FacetValue"},{"code":"Asparagus","count":11,"name":"Asperges","query":{"query":{"value":"searchQuery=:relevance:wineFoodAssociation:Asparagus","__typename":"InternalPageQuery"},"__typename":"PageQuery"},"selected":false,"__typename":"FacetValue"},{"code":"Vianderouge","count":6,"name":"Rood vlees","query":{"query":{"value":"searchQuery=:relevance:wineFoodAssociation:Vianderouge","__typename":"InternalPageQuery"},"__typename":"PageQuery"},"selected":false,"__typename":"FacetValue"},{"code":"Fromage","count":2,"name":"Kaas","query":{"query":{"value":"searchQuery=:relevance:wineFoodAssociation:Fromage","__typename":"InternalPageQuery"},"__typename":"PageQuery"},"selected":false,"__typename":"FacetValue"},{"code":"Sauerkraut","count":2,"name":"Zuurkool","query":{"query":{"value":"searchQuery=:relevance:wineFoodAssociation:Sauerkraut","__typename":"InternalPageQuery"},"__typename":"PageQuery"},"selected":false,"__typename":"FacetValue"}],"__typename":"Facet"},{"code":"budgetRangeFacet","name":"Prijs","category":false,"facetUiType":"LONG_MULTI_SELECT_LIST","values":[{"code":"Van 0 tot 5 euro","count":9366,"name":"Van 0 tot 5 euro","query":{"query":{"value":"searchQuery=:relevance:budgetRangeFacet:Van+0+tot+5+euro","__typename":"InternalPageQuery"},"__typename":"PageQuery"},"selected":false,"__typename":"FacetValue"},{"code":"Van 5 tot 10 euro","count":3524,"name":"Van 5 tot 10 euro","query":{"query":{"value":"searchQuery=:relevance:budgetRangeFacet:Van+5+tot+10+euro","__typename":"InternalPageQuery"},"__typename":"PageQuery"},"selected":false,"__typename":"FacetValue"},{"code":"Van 10 tot 20 euro","count":1400,"name":"Van 10 tot 20 euro","query":{"query":{"value":"searchQuery=:relevance:budgetRangeFacet:Van+10+tot+20+euro","__typename":"InternalPageQuery"},"__typename":"PageQuery"},"selected":false,"__typename":"FacetValue"},{"code":"Van 20 tot 30 euro","count":262,"name":"Van 20 tot 30 euro","query":{"query":{"value":"searchQuery=:relevance:budgetRangeFacet:Van+20+tot+30+euro","__typename":"InternalPageQuery"},"__typename":"PageQuery"},"selected":false,"__typename":"FacetValue"},{"code":"Van 30 tot 40 euro","count":132,"name":"Van 30 tot 40 euro","query":{"query":{"value":"searchQuery=:relevance:budgetRangeFacet:Van+30+tot+40+euro","__typename":"InternalPageQuery"},"__typename":"PageQuery"},"selected":false,"__typename":"FacetValue"},{"code":"Van 40 tot 50 euro","count":77,"name":"Van 40 tot 50 euro","query":{"query":{"value":"searchQuery=:relevance:budgetRangeFacet:Van+40+tot+50+euro","__typename":"InternalPageQuery"},"__typename":"PageQuery"},"selected":false,"__typename":"FacetValue"},{"code":"Van 50 tot 75 euro","count":80,"name":"Van 50 tot 75 euro","query":{"query":{"value":"searchQuery=:relevance:budgetRangeFacet:Van+50+tot+75+euro","__typename":"InternalPageQuery"},"__typename":"PageQuery"},"selected":false,"__typename":"FacetValue"},{"code":"Van 75 tot 100 euro","count":28,"name":"Van 75 tot 100 euro","query":{"query":{"value":"searchQuery=:relevance:budgetRangeFacet:Van+75+tot+100+euro","__typename":"InternalPageQuery"},"__typename":"PageQuery"},"selected":false,"__typename":"FacetValue"},{"code":"Van 100 euro","count":102,"name":"Van 100 euro","query":{"query":{"value":"searchQuery=:relevance:budgetRangeFacet:Van+100+euro","__typename":"InternalPageQuery"},"__typename":"PageQuery"},"selected":false,"__typename":"FacetValue"}],"__typename":"Facet"},{"code":"littleLion","name":"Kleine Leeuw, kleine prijs","category":false,"facetUiType":"QUICK_FILTER","values":[{"code":"true","count":1,"name":"true","query":{"query":{"value":"searchQuery=:relevance:littleLion:true","__typename":"InternalPageQuery"},"__typename":"PageQuery"},"selected":false,"__typename":"FacetValue"}],"__typename":"Facet"},{"code":"manufacturerNameFacet","name":"Merk","category":false,"facetUiType":null,"values":[{"code":"Delhaize","count":3467,"name":"Delhaize","query":{"query":{"value":"searchQuery=:relevance:manufacturerNameFacet:Delhaize","__typename":"InternalPageQuery"},"__typename":"PageQuery"},"selected":false,"__typename":"FacetValue"},{"code":"Taste of Inspirations","count":86,"name":"Taste of Inspirations","query":{"query":{"value":"searchQuery=:relevance:manufacturerNameFacet:Taste+of+Inspirations","__typename":"InternalPageQuery"},"__typename":"PageQuery"},"selected":false,"__typename":"FacetValue"},{"code":"365","count":223,"name":"365","query":{"query":{"value":"searchQuery=:relevance:manufacturerNameFacet:365","__typename":"InternalPageQuery"},"__typename":"PageQuery"},"selected":false,"__typename":"FacetValue"},{"code":"!Hola!","count":7,"name":"!Hola!","query":{"query":{"value":"searchQuery=:relevance:manufacturerNameFacet:%21Hola%21","__typename":"InternalPageQuery"},"__typename":"PageQuery"},"selected":false,"__typename":"FacetValue"},{"code":"*","count":10,"name":"*","query":{"query":{"value":"searchQuery=:relevance:manufacturerNameFacet:*","__typename":"InternalPageQuery"},"__typename":"PageQuery"},"selected":false,"__typename":"FacetValue"},{"code":"7Up","count":5,"name":"7Up","query":{"query":{"value":"searchQuery=:relevance:manufacturerNameFacet:7Up","__typename":"InternalPageQuery"},"__typename":"PageQuery"},"selected":false,"__typename":"FacetValue"},{"code":"Aarts","count":5,"name":"Aarts","query":{"query":{"value":"searchQuery=:relevance:manufacturerNameFacet:Aarts","__typename":"InternalPageQuery"},"__typename":"PageQuery"},"selected":false,"__typename":"FacetValue"},{"code":"Abbot Kinney's","count":10,"name":"Abbot Kinney's","query":{"query":{"value":"searchQuery=:relevance:manufacturerNameFacet:Abbot+Kinney%26%23x27%3Bs","__typename":"InternalPageQuery"},"__typename":"PageQuery"},"selected":false,"__typename":"FacetValue"},{"code":"Actimel","count":13,"name":"Actimel","query":{"query":{"value":"searchQuery=:relevance:manufacturerNameFacet:Actimel","__typename":"InternalPageQuery"},"__typename":"PageQuery"},"selected":false,"__typename":"FacetValue"},{"code":"Activia","count":26,"name":"Activia","query":{"query":{"value":"searchQuery=:relevance:manufacturerNameFacet:Activia","__typename":"InternalPageQuery"},"__typename":"PageQuery"},"selected":false,"__typename":"FacetValue"},{"code":"Afrique du Sud - Zuid-Afrika","count":9,"name":"Afrique du Sud - Zuid-Afrika","query":{"query":{"value":"searchQuery=:relevance:manufacturerNameFacet:Afrique+du+Sud+-+Zuid-Afrika","__typename":"InternalPageQuery"},"__typename":"PageQuery"},"selected":false,"__typename":"FacetValue"},{"code":"Air Wick","count":26,"name":"Air Wick","query":{"query":{"value":"searchQuery=:relevance:manufacturerNameFacet:Air+Wick","__typename":"InternalPageQuery"},"__typename":"PageQuery"},"selected":false,"__typename":"FacetValue"},{"code":"Ajax","count":18,"name":"Ajax","query":{"query":{"value":"searchQuery=:relevance:manufacturerNameFacet:Ajax","__typename":"InternalPageQuery"},"__typename":"PageQuery"},"selected":false,"__typename":"FacetValue"},{"code":"Al'Fez","count":9,"name":"Al'Fez","query":{"query":{"value":"searchQuery=:relevance:manufacturerNameFacet:Al%26%23x27%3BFez","__typename":"InternalPageQuery"},"__typename":"PageQuery"},"selected":false,"__typename":"FacetValue"},{"code":"Allemagne - Duitsland","count":5,"name":"Allemagne - Duitsland","query":{"query":{"value":"searchQuery=:relevance:manufacturerNameFacet:Allemagne+-+Duitsland","__typename":"InternalPageQuery"},"__typename":"PageQuery"},"selected":false,"__typename":"FacetValue"},{"code":"Alpro","count":77,"name":"Alpro","query":{"query":{"value":"searchQuery=:relevance:manufacturerNameFacet:Alpro","__typename":"InternalPageQuery"},"__typename":"PageQuery"},"selected":false,"__typename":"FacetValue"},{"code":"Always","count":60,"name":"Always","query":{"query":{"value":"searchQuery=:relevance:manufacturerNameFacet:Always","__typename":"InternalPageQuery"},"__typename":"PageQuery"},"selected":false,"__typename":"FacetValue"},{"code":"Anco","count":8,"name":"Anco","query":{"query":{"value":"searchQuery=:relevance:manufacturerNameFacet:Anco","__typename":"InternalPageQuery"},"__typename":"PageQuery"},"selected":false,"__typename":"FacetValue"},{"code":"Anna Perenna","count":5,"name":"Anna Perenna","query":{"query":{"value":"searchQuery=:relevance:manufacturerNameFacet:Anna+Perenna","__typename":"InternalPageQuery"},"__typename":"PageQuery"},"selected":false,"__typename":"FacetValue"},{"code":"Aoste","count":37,"name":"Aoste","query":{"query":{"value":"searchQuery=:relevance:manufacturerNameFacet:Aoste","__typename":"InternalPageQuery"},"__typename":"PageQuery"},"selected":false,"__typename":"FacetValue"},{"code":"Appelsientje","count":5,"name":"Appelsientje","query":{"query":{"value":"searchQuery=:relevance:manufacturerNameFacet:Appelsientje","__typename":"InternalPageQuery"},"__typename":"PageQuery"},"selected":false,"__typename":"FacetValue"},{"code":"Apéricube","count":5,"name":"Apéricube","query":{"query":{"value":"searchQuery=:relevance:manufacturerNameFacet:Ap%C3%A9ricube","__typename":"InternalPageQuery"},"__typename":"PageQuery"},"selected":false,"__typename":"FacetValue"},{"code":"Aquarius","count":8,"name":"Aquarius","query":{"query":{"value":"searchQuery=:relevance:manufacturerNameFacet:Aquarius","__typename":"InternalPageQuery"},"__typename":"PageQuery"},"selected":false,"__typename":"FacetValue"},{"code":"Argentine - Argentinië","count":12,"name":"Argentine - Argentinië","query":{"query":{"value":"searchQuery=:relevance:manufacturerNameFacet:Argentine+-+Argentini%C3%AB","__typename":"InternalPageQuery"},"__typename":"PageQuery"},"selected":false,"__typename":"FacetValue"},{"code":"Ariel","count":24,"name":"Ariel","query":{"query":{"value":"searchQuery=:relevance:manufacturerNameFacet:Ariel","__typename":"InternalPageQuery"},"__typename":"PageQuery"},"selected":false,"__typename":"FacetValue"},{"code":"Arizona","count":8,"name":"Arizona","query":{"query":{"value":"searchQuery=:relevance:manufacturerNameFacet:Arizona","__typename":"InternalPageQuery"},"__typename":"PageQuery"},"selected":false,"__typename":"FacetValue"},{"code":"Arla","count":14,"name":"Arla","query":{"query":{"value":"searchQuery=:relevance:manufacturerNameFacet:Arla","__typename":"InternalPageQuery"},"__typename":"PageQuery"},"selected":false,"__typename":"FacetValue"},{"code":"Armando","count":20,"name":"Armando","query":{"query":{"value":"searchQuery=:relevance:manufacturerNameFacet:Armando","__typename":"InternalPageQuery"},"__typename":"PageQuery"},"selected":false,"__typename":"FacetValue"},{"code":"Aubel","count":6,"name":"Aubel","query":{"query":{"value":"searchQuery=:relevance:manufacturerNameFacet:Aubel","__typename":"InternalPageQuery"},"__typename":"PageQuery"},"selected":false,"__typename":"FacetValue"},{"code":"AUSTRALIA","count":5,"name":"AUSTRALIA","query":{"query":{"value":"searchQuery=:relevance:manufacturerNameFacet:AUSTRALIA","__typename":"InternalPageQuery"},"__typename":"PageQuery"},"selected":false,"__typename":"FacetValue"},{"code":"Australie - Australië","count":33,"name":"Australie - Australië","query":{"query":{"value":"searchQuery=:relevance:manufacturerNameFacet:Australie+-+Australi%C3%AB","__typename":"InternalPageQuery"},"__typename":"PageQuery"},"selected":false,"__typename":"FacetValue"},{"code":"Autriche - Oostenrijk","count":8,"name":"Autriche - Oostenrijk","query":{"query":{"value":"searchQuery=:relevance:manufacturerNameFacet:Autriche+-+Oostenrijk","__typename":"InternalPageQuery"},"__typename":"PageQuery"},"selected":false,"__typename":"FacetValue"},{"code":"Averbode","count":6,"name":"Averbode","query":{"query":{"value":"searchQuery=:relevance:manufacturerNameFacet:Averbode","__typename":"InternalPageQuery"},"__typename":"PageQuery"},"selected":false,"__typename":"FacetValue"},{"code":"Axe","count":38,"name":"Axe","query":{"query":{"value":"searchQuery=:relevance:manufacturerNameFacet:Axe","__typename":"InternalPageQuery"},"__typename":"PageQuery"},"selected":false,"__typename":"FacetValue"},{"code":"Aïki","count":11,"name":"Aïki","query":{"query":{"value":"searchQuery=:relevance:manufacturerNameFacet:A%C3%AFki","__typename":"InternalPageQuery"},"__typename":"PageQuery"},"selected":false,"__typename":"FacetValue"},{"code":"Babybio","count":10,"name":"Babybio","query":{"query":{"value":"searchQuery=:relevance:manufacturerNameFacet:Babybio","__typename":"InternalPageQuery"},"__typename":"PageQuery"},"selected":false,"__typename":"FacetValue"},{"code":"Bacardi","count":15,"name":"Bacardi","query":{"query":{"value":"searchQuery=:relevance:manufacturerNameFacet:Bacardi","__typename":"InternalPageQuery"},"__typename":"PageQuery"},"selected":false,"__typename":"FacetValue"},{"code":"Bahlsen","count":13,"name":"Bahlsen","query":{"query":{"value":"searchQuery=:relevance:manufacturerNameFacet:Bahlsen","__typename":"InternalPageQuery"},"__typename":"PageQuery"},"selected":false,"__typename":"FacetValue"},{"code":"Baileys","count":6,"name":"Baileys","query":{"query":{"value":"searchQuery=:relevance:manufacturerNameFacet:Baileys","__typename":"InternalPageQuery"},"__typename":"PageQuery"},"selected":false,"__typename":"FacetValue"},{"code":"Balade","count":24,"name":"Balade","query":{"query":{"value":"searchQuery=:relevance:manufacturerNameFacet:Balade","__typename":"InternalPageQuery"},"__typename":"PageQuery"},"selected":false,"__typename":"FacetValue"},{"code":"Bam!","count":6,"name":"Bam!","query":{"query":{"value":"searchQuery=:relevance:manufacturerNameFacet:Bam%21","__typename":"InternalPageQuery"},"__typename":"PageQuery"},"selected":false,"__typename":"FacetValue"},{"code":"Bambix","count":6,"name":"Bambix","query":{"query":{"value":"searchQuery=:relevance:manufacturerNameFacet:Bambix","__typename":"InternalPageQuery"},"__typename":"PageQuery"},"selected":false,"__typename":"FacetValue"},{"code":"Barebells","count":5,"name":"Barebells","query":{"query":{"value":"searchQuery=:relevance:manufacturerNameFacet:Barebells","__typename":"InternalPageQuery"},"__typename":"PageQuery"},"selected":false,"__typename":"FacetValue"},{"code":"Barilla","count":23,"name":"Barilla","query":{"query":{"value":"searchQuery=:relevance:manufacturerNameFacet:Barilla","__typename":"InternalPageQuery"},"__typename":"PageQuery"},"selected":false,"__typename":"FacetValue"},{"code":"Barnängen","count":8,"name":"Barnängen","query":{"query":{"value":"searchQuery=:relevance:manufacturerNameFacet:Barn%C3%A4ngen","__typename":"InternalPageQuery"},"__typename":"PageQuery"},"selected":false,"__typename":"FacetValue"},{"code":"BE-KIND","count":5,"name":"BE-KIND","query":{"query":{"value":"searchQuery=:relevance:manufacturerNameFacet:BE-KIND","__typename":"InternalPageQuery"},"__typename":"PageQuery"},"selected":false,"__typename":"FacetValue"},{"code":"Bebio","count":14,"name":"Bebio","query":{"query":{"value":"searchQuery=:relevance:manufacturerNameFacet:Bebio","__typename":"InternalPageQuery"},"__typename":"PageQuery"},"selected":false,"__typename":"FacetValue"},{"code":"Becel","count":11,"name":"Becel","query":{"query":{"value":"searchQuery=:relevance:manufacturerNameFacet:Becel","__typename":"InternalPageQuery"},"__typename":"PageQuery"},"selected":false,"__typename":"FacetValue"},{"code":"Belgique - België","count":7,"name":"Belgique - België","query":{"query":{"value":"searchQuery=:relevance:manufacturerNameFacet:Belgique+-+Belgi%C3%AB","__typename":"InternalPageQuery"},"__typename":"PageQuery"},"selected":false,"__typename":"FacetValue"},{"code":"Belle Color","count":19,"name":"Belle Color","query":{"query":{"value":"searchQuery=:relevance:manufacturerNameFacet:Belle+Color","__typename":"InternalPageQuery"},"__typename":"PageQuery"},"selected":false,"__typename":"FacetValue"},{"code":"Belviva","count":16,"name":"Belviva","query":{"query":{"value":"searchQuery=:relevance:manufacturerNameFacet:Belviva","__typename":"InternalPageQuery"},"__typename":"PageQuery"},"selected":false,"__typename":"FacetValue"},{"code":"Ben & Jerry's","count":26,"name":"Ben & Jerry's","query":{"query":{"value":"searchQuery=:relevance:manufacturerNameFacet:Ben+%26+Jerry%26%23x27%3Bs","__typename":"InternalPageQuery"},"__typename":"PageQuery"},"selected":false,"__typename":"FacetValue"},{"code":"Ben's Original","count":21,"name":"Ben's Original","query":{"query":{"value":"searchQuery=:relevance:manufacturerNameFacet:Ben%26%23x27%3Bs+Original","__typename":"InternalPageQuery"},"__typename":"PageQuery"},"selected":false,"__typename":"FacetValue"},{"code":"Bernard-Massard","count":6,"name":"Bernard-Massard","query":{"query":{"value":"searchQuery=:relevance:manufacturerNameFacet:Bernard-Massard","__typename":"InternalPageQuery"},"__typename":"PageQuery"},"selected":false,"__typename":"FacetValue"},{"code":"Bertagni","count":34,"name":"Bertagni","query":{"query":{"value":"searchQuery=:relevance:manufacturerNameFacet:Bertagni","__typename":"InternalPageQuery"},"__typename":"PageQuery"},"selected":false,"__typename":"FacetValue"},{"code":"Bertinchamps","count":5,"name":"Bertinchamps","query":{"query":{"value":"searchQuery=:relevance:manufacturerNameFacet:Bertinchamps","__typename":"InternalPageQuery"},"__typename":"PageQuery"},"selected":false,"__typename":"FacetValue"},{"code":"Bertolli","count":20,"name":"Bertolli","query":{"query":{"value":"searchQuery=:relevance:manufacturerNameFacet:Bertolli","__typename":"InternalPageQuery"},"__typename":"PageQuery"},"selected":false,"__typename":"FacetValue"},{"code":"Bic","count":12,"name":"Bic","query":{"query":{"value":"searchQuery=:relevance:manufacturerNameFacet:Bic","__typename":"InternalPageQuery"},"__typename":"PageQuery"},"selected":false,"__typename":"FacetValue"},{"code":"Bifi","count":11,"name":"Bifi","query":{"query":{"value":"searchQuery=:relevance:manufacturerNameFacet:Bifi","__typename":"InternalPageQuery"},"__typename":"PageQuery"},"selected":false,"__typename":"FacetValue"},{"code":"Biover","count":37,"name":"Biover","query":{"query":{"value":"searchQuery=:relevance:manufacturerNameFacet:Biover","__typename":"InternalPageQuery"},"__typename":"PageQuery"},"selected":false,"__typename":"FacetValue"},{"code":"BN","count":5,"name":"BN","query":{"query":{"value":"searchQuery=:relevance:manufacturerNameFacet:BN","__typename":"InternalPageQuery"},"__typename":"PageQuery"},"selected":false,"__typename":"FacetValue"},{"code":"Bolsius","count":13,"name":"Bolsius","query":{"query":{"value":"searchQuery=:relevance:manufacturerNameFacet:Bolsius","__typename":"InternalPageQuery"},"__typename":"PageQuery"},"selected":false,"__typename":"FacetValue"},{"code":"Bombay","count":10,"name":"Bombay","query":{"query":{"value":"searchQuery=:relevance:manufacturerNameFacet:Bombay","__typename":"InternalPageQuery"},"__typename":"PageQuery"},"selected":false,"__typename":"FacetValue"},{"code":"Bonduelle","count":33,"name":"Bonduelle","query":{"query":{"value":"searchQuery=:relevance:manufacturerNameFacet:Bonduelle","__typename":"InternalPageQuery"},"__typename":"PageQuery"},"selected":false,"__typename":"FacetValue"},{"code":"Bonne Maman","count":26,"name":"Bonne Maman","query":{"query":{"value":"searchQuery=:relevance:manufacturerNameFacet:Bonne+Maman","__typename":"InternalPageQuery"},"__typename":"PageQuery"},"selected":false,"__typename":"FacetValue"},{"code":"Borotalco","count":8,"name":"Borotalco","query":{"query":{"value":"searchQuery=:relevance:manufacturerNameFacet:Borotalco","__typename":"InternalPageQuery"},"__typename":"PageQuery"},"selected":false,"__typename":"FacetValue"},{"code":"Bosto","count":42,"name":"Bosto","query":{"query":{"value":"searchQuery=:relevance:manufacturerNameFacet:Bosto","__typename":"InternalPageQuery"},"__typename":"PageQuery"},"selected":false,"__typename":"FacetValue"},{"code":"Boursin","count":12,"name":"Boursin","query":{"query":{"value":"searchQuery=:relevance:manufacturerNameFacet:Boursin","__typename":"InternalPageQuery"},"__typename":"PageQuery"},"selected":false,"__typename":"FacetValue"},{"code":"Bref","count":5,"name":"Bref","query":{"query":{"value":"searchQuery=:relevance:manufacturerNameFacet:Bref","__typename":"InternalPageQuery"},"__typename":"PageQuery"},"selected":false,"__typename":"FacetValue"},{"code":"Bref WC","count":30,"name":"Bref WC","query":{"query":{"value":"searchQuery=:relevance:manufacturerNameFacet:Bref+WC","__typename":"InternalPageQuery"},"__typename":"PageQuery"},"selected":false,"__typename":"FacetValue"},{"code":"Breydel","count":5,"name":"Breydel","query":{"query":{"value":"searchQuery=:relevance:manufacturerNameFacet:Breydel","__typename":"InternalPageQuery"},"__typename":"PageQuery"},"selected":false,"__typename":"FacetValue"},{"code":"Brugge","count":10,"name":"Brugge","query":{"query":{"value":"searchQuery=:relevance:manufacturerNameFacet:Brugge","__typename":"InternalPageQuery"},"__typename":"PageQuery"},"selected":false,"__typename":"FacetValue"},{"code":"Bruxelles - Brussel","count":6,"name":"Bruxelles - Brussel","query":{"query":{"value":"searchQuery=:relevance:manufacturerNameFacet:Bruxelles+-+Brussel","__typename":"InternalPageQuery"},"__typename":"PageQuery"},"selected":false,"__typename":"FacetValue"},{"code":"Bufalo","count":7,"name":"Bufalo","query":{"query":{"value":"searchQuery=:relevance:manufacturerNameFacet:Bufalo","__typename":"InternalPageQuery"},"__typename":"PageQuery"},"selected":false,"__typename":"FacetValue"},{"code":"Bush","count":7,"name":"Bush","query":{"query":{"value":"searchQuery=:relevance:manufacturerNameFacet:Bush","__typename":"InternalPageQuery"},"__typename":"PageQuery"},"selected":false,"__typename":"FacetValue"},{"code":"Caffè Gondoliere","count":16,"name":"Caffè Gondoliere","query":{"query":{"value":"searchQuery=:relevance:manufacturerNameFacet:Caff%C3%A8+Gondoliere","__typename":"InternalPageQuery"},"__typename":"PageQuery"},"selected":false,"__typename":"FacetValue"},{"code":"Calgon","count":6,"name":"Calgon","query":{"query":{"value":"searchQuery=:relevance:manufacturerNameFacet:Calgon","__typename":"InternalPageQuery"},"__typename":"PageQuery"},"selected":false,"__typename":"FacetValue"},{"code":"Calvé","count":5,"name":"Calvé","query":{"query":{"value":"searchQuery=:relevance:manufacturerNameFacet:Calv%C3%A9","__typename":"InternalPageQuery"},"__typename":"PageQuery"},"selected":false,"__typename":"FacetValue"},{"code":"Campagna Romana","count":5,"name":"Campagna Romana","query":{"query":{"value":"searchQuery=:relevance:manufacturerNameFacet:Campagna+Romana","__typename":"InternalPageQuery"},"__typename":"PageQuery"},"selected":false,"__typename":"FacetValue"},{"code":"Campina","count":20,"name":"Campina","query":{"query":{"value":"searchQuery=:relevance:manufacturerNameFacet:Campina","__typename":"InternalPageQuery"},"__typename":"PageQuery"},"selected":false,"__typename":"FacetValue"},{"code":"Canapé","count":8,"name":"Canapé","query":{"query":{"value":"searchQuery=:relevance:manufacturerNameFacet:Canap%C3%A9","__typename":"InternalPageQuery"},"__typename":"PageQuery"},"selected":false,"__typename":"FacetValue"},{"code":"Canard","count":13,"name":"Canard","query":{"query":{"value":"searchQuery=:relevance:manufacturerNameFacet:Canard","__typename":"InternalPageQuery"},"__typename":"PageQuery"},"selected":false,"__typename":"FacetValue"},{"code":"Canderel","count":7,"name":"Canderel","query":{"query":{"value":"searchQuery=:relevance:manufacturerNameFacet:Canderel","__typename":"InternalPageQuery"},"__typename":"PageQuery"},"selected":false,"__typename":"FacetValue"},{"code":"Candico","count":6,"name":"Candico","query":{"query":{"value":"searchQuery=:relevance:manufacturerNameFacet:Candico","__typename":"InternalPageQuery"},"__typename":"PageQuery"},"selected":false,"__typename":"FacetValue"},{"code":"Captain Morgan","count":5,"name":"Captain Morgan","query":{"query":{"value":"searchQuery=:relevance:manufacturerNameFacet:Captain+Morgan","__typename":"InternalPageQuery"},"__typename":"PageQuery"},"selected":false,"__typename":"FacetValue"},{"code":"Carlsberg","count":5,"name":"Carlsberg","query":{"query":{"value":"searchQuery=:relevance:manufacturerNameFacet:Carlsberg","__typename":"InternalPageQuery"},"__typename":"PageQuery"},"selected":false,"__typename":"FacetValue"},{"code":"Carlsbourg","count":13,"name":"Carlsbourg","query":{"query":{"value":"searchQuery=:relevance:manufacturerNameFacet:Carlsbourg","__typename":"InternalPageQuery"},"__typename":"PageQuery"},"selected":false,"__typename":"FacetValue"},{"code":"Carolin","count":15,"name":"Carolin","query":{"query":{"value":"searchQuery=:relevance:manufacturerNameFacet:Carolin","__typename":"InternalPageQuery"},"__typename":"PageQuery"},"selected":false,"__typename":"FacetValue"},{"code":"Carte d'Or","count":8,"name":"Carte d'Or","query":{"query":{"value":"searchQuery=:relevance:manufacturerNameFacet:Carte+d%26%23x27%3BOr","__typename":"InternalPageQuery"},"__typename":"PageQuery"},"selected":false,"__typename":"FacetValue"},{"code":"Casting","count":8,"name":"Casting","query":{"query":{"value":"searchQuery=:relevance:manufacturerNameFacet:Casting","__typename":"InternalPageQuery"},"__typename":"PageQuery"},"selected":false,"__typename":"FacetValue"},{"code":"Catisfactions","count":14,"name":"Catisfactions","query":{"query":{"value":"searchQuery=:relevance:manufacturerNameFacet:Catisfactions","__typename":"InternalPageQuery"},"__typename":"PageQuery"},"selected":false,"__typename":"FacetValue"},{"code":"Catsan","count":5,"name":"Catsan","query":{"query":{"value":"searchQuery=:relevance:manufacturerNameFacet:Catsan","__typename":"InternalPageQuery"},"__typename":"PageQuery"},"selected":false,"__typename":"FacetValue"},{"code":"Cesar","count":16,"name":"Cesar","query":{"query":{"value":"searchQuery=:relevance:manufacturerNameFacet:Cesar","__typename":"InternalPageQuery"},"__typename":"PageQuery"},"selected":false,"__typename":"FacetValue"},{"code":"Charles Liégeois","count":16,"name":"Charles Liégeois","query":{"query":{"value":"searchQuery=:relevance:manufacturerNameFacet:Charles+Li%C3%A9geois","__typename":"InternalPageQuery"},"__typename":"PageQuery"},"selected":false,"__typename":"FacetValue"},{"code":"Chaudfontaine","count":7,"name":"Chaudfontaine","query":{"query":{"value":"searchQuery=:relevance:manufacturerNameFacet:Chaudfontaine","__typename":"InternalPageQuery"},"__typename":"PageQuery"},"selected":false,"__typename":"FacetValue"},{"code":"Chavroux","count":6,"name":"Chavroux","query":{"query":{"value":"searchQuery=:relevance:manufacturerNameFacet:Chavroux","__typename":"InternalPageQuery"},"__typename":"PageQuery"},"selected":false,"__typename":"FacetValue"},{"code":"Chile - Chili","count":6,"name":"Chile - Chili","query":{"query":{"value":"searchQuery=:relevance:manufacturerNameFacet:Chile+-+Chili","__typename":"InternalPageQuery"},"__typename":"PageQuery"},"selected":false,"__typename":"FacetValue"},{"code":"Chili","count":33,"name":"Chili","query":{"query":{"value":"searchQuery=:relevance:manufacturerNameFacet:Chili","__typename":"InternalPageQuery"},"__typename":"PageQuery"},"selected":false,"__typename":"FacetValue"},{"code":"Chimay","count":10,"name":"Chimay","query":{"query":{"value":"searchQuery=:relevance:manufacturerNameFacet:Chimay","__typename":"InternalPageQuery"},"__typename":"PageQuery"},"selected":false,"__typename":"FacetValue"},{"code":"Chimay Sélection","count":5,"name":"Chimay Sélection","query":{"query":{"value":"searchQuery=:relevance:manufacturerNameFacet:Chimay+S%C3%A9lection","__typename":"InternalPageQuery"},"__typename":"PageQuery"},"selected":false,"__typename":"FacetValue"},{"code":"Chio","count":5,"name":"Chio","query":{"query":{"value":"searchQuery=:relevance:manufacturerNameFacet:Chio","__typename":"InternalPageQuery"},"__typename":"PageQuery"},"selected":false,"__typename":"FacetValue"},{"code":"Chocolates From Heaven","count":5,"name":"Chocolates From Heaven","query":{"query":{"value":"searchQuery=:relevance:manufacturerNameFacet:Chocolates+From+Heaven","__typename":"InternalPageQuery"},"__typename":"PageQuery"},"selected":false,"__typename":"FacetValue"},{"code":"Cif","count":10,"name":"Cif","query":{"query":{"value":"searchQuery=:relevance:manufacturerNameFacet:Cif","__typename":"InternalPageQuery"},"__typename":"PageQuery"},"selected":false,"__typename":"FacetValue"},{"code":"Cirio","count":8,"name":"Cirio","query":{"query":{"value":"searchQuery=:relevance:manufacturerNameFacet:Cirio","__typename":"InternalPageQuery"},"__typename":"PageQuery"},"selected":false,"__typename":"FacetValue"},{"code":"Citterio","count":12,"name":"Citterio","query":{"query":{"value":"searchQuery=:relevance:manufacturerNameFacet:Citterio","__typename":"InternalPageQuery"},"__typename":"PageQuery"},"selected":false,"__typename":"FacetValue"},{"code":"Clearasil","count":5,"name":"Clearasil","query":{"query":{"value":"searchQuery=:relevance:manufacturerNameFacet:Clearasil","__typename":"InternalPageQuery"},"__typename":"PageQuery"},"selected":false,"__typename":"FacetValue"},{"code":"Clif","count":5,"name":"Clif","query":{"query":{"value":"searchQuery=:relevance:manufacturerNameFacet:Clif","__typename":"InternalPageQuery"},"__typename":"PageQuery"},"selected":false,"__typename":"FacetValue"},{"code":"Clipper","count":23,"name":"Clipper","query":{"query":{"value":"searchQuery=:relevance:manufacturerNameFacet:Clipper","__typename":"InternalPageQuery"},"__typename":"PageQuery"},"selected":false,"__typename":"FacetValue"},{"code":"Coca-Cola","count":36,"name":"Coca-Cola","query":{"query":{"value":"searchQuery=:relevance:manufacturerNameFacet:Coca-Cola","__typename":"InternalPageQuery"},"__typename":"PageQuery"},"selected":false,"__typename":"FacetValue"},{"code":"Cocagne","count":7,"name":"Cocagne","query":{"query":{"value":"searchQuery=:relevance:manufacturerNameFacet:Cocagne","__typename":"InternalPageQuery"},"__typename":"PageQuery"},"selected":false,"__typename":"FacetValue"},{"code":"Codorníu","count":19,"name":"Codorníu","query":{"query":{"value":"searchQuery=:relevance:manufacturerNameFacet:Codorn%C3%ADu","__typename":"InternalPageQuery"},"__typename":"PageQuery"},"selected":false,"__typename":"FacetValue"},{"code":"Colgate","count":26,"name":"Colgate","query":{"query":{"value":"searchQuery=:relevance:manufacturerNameFacet:Colgate","__typename":"InternalPageQuery"},"__typename":"PageQuery"},"selected":false,"__typename":"FacetValue"},{"code":"Come A Casa","count":9,"name":"Come A Casa","query":{"query":{"value":"searchQuery=:relevance:manufacturerNameFacet:Come+A+Casa","__typename":"InternalPageQuery"},"__typename":"PageQuery"},"selected":false,"__typename":"FacetValue"},{"code":"Conimex","count":23,"name":"Conimex","query":{"query":{"value":"searchQuery=:relevance:manufacturerNameFacet:Conimex","__typename":"InternalPageQuery"},"__typename":"PageQuery"},"selected":false,"__typename":"FacetValue"},{"code":"Conserve Della Nonna","count":8,"name":"Conserve Della Nonna","query":{"query":{"value":"searchQuery=:relevance:manufacturerNameFacet:Conserve+Della+Nonna","__typename":"InternalPageQuery"},"__typename":"PageQuery"},"selected":false,"__typename":"FacetValue"},{"code":"Corné","count":5,"name":"Corné","query":{"query":{"value":"searchQuery=:relevance:manufacturerNameFacet:Corn%C3%A9","__typename":"InternalPageQuery"},"__typename":"PageQuery"},"selected":false,"__typename":"FacetValue"},{"code":"Cosynel","count":5,"name":"Cosynel","query":{"query":{"value":"searchQuery=:relevance:manufacturerNameFacet:Cosynel","__typename":"InternalPageQuery"},"__typename":"PageQuery"},"selected":false,"__typename":"FacetValue"},{"code":"Croky","count":15,"name":"Croky","query":{"query":{"value":"searchQuery=:relevance:manufacturerNameFacet:Croky","__typename":"InternalPageQuery"},"__typename":"PageQuery"},"selected":false,"__typename":"FacetValue"},{"code":"Cully and Sully","count":6,"name":"Cully and Sully","query":{"query":{"value":"searchQuery=:relevance:manufacturerNameFacet:Cully+and+Sully","__typename":"InternalPageQuery"},"__typename":"PageQuery"},"selected":false,"__typename":"FacetValue"},{"code":"Cécémel","count":10,"name":"Cécémel","query":{"query":{"value":"searchQuery=:relevance:manufacturerNameFacet:C%C3%A9c%C3%A9mel","__typename":"InternalPageQuery"},"__typename":"PageQuery"},"selected":false,"__typename":"FacetValue"},{"code":"Céréal","count":41,"name":"Céréal","query":{"query":{"value":"searchQuery=:relevance:manufacturerNameFacet:C%C3%A9r%C3%A9al","__typename":"InternalPageQuery"},"__typename":"PageQuery"},"selected":false,"__typename":"FacetValue"},{"code":"Côte d'Or","count":78,"name":"Côte d'Or","query":{"query":{"value":"searchQuery=:relevance:manufacturerNameFacet:C%C3%B4te+d%26%23x27%3BOr","__typename":"InternalPageQuery"},"__typename":"PageQuery"},"selected":false,"__typename":"FacetValue"},{"code":"D'Upigny","count":9,"name":"D'Upigny","query":{"query":{"value":"searchQuery=:relevance:manufacturerNameFacet:D%26%23x27%3BUpigny","__typename":"InternalPageQuery"},"__typename":"PageQuery"},"selected":false,"__typename":"FacetValue"},{"code":"Damhert Nutrition","count":5,"name":"Damhert Nutrition","query":{"query":{"value":"searchQuery=:relevance:manufacturerNameFacet:Damhert+Nutrition","__typename":"InternalPageQuery"},"__typename":"PageQuery"},"selected":false,"__typename":"FacetValue"},{"code":"Danette","count":10,"name":"Danette","query":{"query":{"value":"searchQuery=:relevance:manufacturerNameFacet:Danette","__typename":"InternalPageQuery"},"__typename":"PageQuery"},"selected":false,"__typename":"FacetValue"},{"code":"Danio","count":15,"name":"Danio","query":{"query":{"value":"searchQuery=:relevance:manufacturerNameFacet:Danio","__typename":"InternalPageQuery"},"__typename":"PageQuery"},"selected":false,"__typename":"FacetValue"},{"code":"Danone","count":18,"name":"Danone","query":{"query":{"value":"searchQuery=:relevance:manufacturerNameFacet:Danone","__typename":"InternalPageQuery"},"__typename":"PageQuery"},"selected":false,"__typename":"FacetValue"},{"code":"Dash","count":25,"name":"Dash","query":{"query":{"value":"searchQuery=:relevance:manufacturerNameFacet:Dash","__typename":"InternalPageQuery"},"__typename":"PageQuery"},"selected":false,"__typename":"FacetValue"},{"code":"De Cecco","count":33,"name":"De Cecco","query":{"query":{"value":"searchQuery=:relevance:manufacturerNameFacet:De+Cecco","__typename":"InternalPageQuery"},"__typename":"PageQuery"},"selected":false,"__typename":"FacetValue"},{"code":"De Chanceny","count":6,"name":"De Chanceny","query":{"query":{"value":"searchQuery=:relevance:manufacturerNameFacet:De+Chanceny","__typename":"InternalPageQuery"},"__typename":"PageQuery"},"selected":false,"__typename":"FacetValue"},{"code":"De Lelie","count":6,"name":"De Lelie","query":{"query":{"value":"searchQuery=:relevance:manufacturerNameFacet:De+Lelie","__typename":"InternalPageQuery"},"__typename":"PageQuery"},"selected":false,"__typename":"FacetValue"},{"code":"De Vegetarische Slager","count":16,"name":"De Vegetarische Slager","query":{"query":{"value":"searchQuery=:relevance:manufacturerNameFacet:De+Vegetarische+Slager","__typename":"InternalPageQuery"},"__typename":"PageQuery"},"selected":false,"__typename":"FacetValue"},{"code":"Del Monte","count":19,"name":"Del Monte","query":{"query":{"value":"searchQuery=:relevance:manufacturerNameFacet:Del+Monte","__typename":"InternalPageQuery"},"__typename":"PageQuery"},"selected":false,"__typename":"FacetValue"},{"code":"Delacre","count":28,"name":"Delacre","query":{"query":{"value":"searchQuery=:relevance:manufacturerNameFacet:Delacre","__typename":"InternalPageQuery"},"__typename":"PageQuery"},"selected":false,"__typename":"FacetValue"},{"code":"Deli'festin","count":5,"name":"Deli'festin","query":{"query":{"value":"searchQuery=:relevance:manufacturerNameFacet:Deli%26%23x27%3Bfestin","__typename":"InternalPageQuery"},"__typename":"PageQuery"},"selected":false,"__typename":"FacetValue"},{"code":"Delicata","count":23,"name":"Delicata","query":{"query":{"value":"searchQuery=:relevance:manufacturerNameFacet:Delicata","__typename":"InternalPageQuery"},"__typename":"PageQuery"},"selected":false,"__typename":"FacetValue"},{"code":"Demak'Up","count":10,"name":"Demak'Up","query":{"query":{"value":"searchQuery=:relevance:manufacturerNameFacet:Demak%26%23x27%3BUp","__typename":"InternalPageQuery"},"__typename":"PageQuery"},"selected":false,"__typename":"FacetValue"},{"code":"Desiam","count":5,"name":"Desiam","query":{"query":{"value":"searchQuery=:relevance:manufacturerNameFacet:Desiam","__typename":"InternalPageQuery"},"__typename":"PageQuery"},"selected":false,"__typename":"FacetValue"},{"code":"Desperados","count":8,"name":"Desperados","query":{"query":{"value":"searchQuery=:relevance:manufacturerNameFacet:Desperados","__typename":"InternalPageQuery"},"__typename":"PageQuery"},"selected":false,"__typename":"FacetValue"},{"code":"Dessange","count":10,"name":"Dessange","query":{"query":{"value":"searchQuery=:relevance:manufacturerNameFacet:Dessange","__typename":"InternalPageQuery"},"__typename":"PageQuery"},"selected":false,"__typename":"FacetValue"},{"code":"Dessert Amies","count":8,"name":"Dessert Amies","query":{"query":{"value":"searchQuery=:relevance:manufacturerNameFacet:Dessert+Amies","__typename":"InternalPageQuery"},"__typename":"PageQuery"},"selected":false,"__typename":"FacetValue"},{"code":"Dettol","count":37,"name":"Dettol","query":{"query":{"value":"searchQuery=:relevance:manufacturerNameFacet:Dettol","__typename":"InternalPageQuery"},"__typename":"PageQuery"},"selected":false,"__typename":"FacetValue"},{"code":"Devos & Lemmens","count":49,"name":"Devos & Lemmens","query":{"query":{"value":"searchQuery=:relevance:manufacturerNameFacet:Devos+%26+Lemmens","__typename":"InternalPageQuery"},"__typename":"PageQuery"},"selected":false,"__typename":"FacetValue"},{"code":"Diadermine","count":34,"name":"Diadermine","query":{"query":{"value":"searchQuery=:relevance:manufacturerNameFacet:Diadermine","__typename":"InternalPageQuery"},"__typename":"PageQuery"},"selected":false,"__typename":"FacetValue"},{"code":"Dilea","count":19,"name":"Dilea","query":{"query":{"value":"searchQuery=:relevance:manufacturerNameFacet:Dilea","__typename":"InternalPageQuery"},"__typename":"PageQuery"},"selected":false,"__typename":"FacetValue"},{"code":"Disney","count":5,"name":"Disney","query":{"query":{"value":"searchQuery=:relevance:manufacturerNameFacet:Disney","__typename":"InternalPageQuery"},"__typename":"PageQuery"},"selected":false,"__typename":"FacetValue"},{"code":"Dixan","count":10,"name":"Dixan","query":{"query":{"value":"searchQuery=:relevance:manufacturerNameFacet:Dixan","__typename":"InternalPageQuery"},"__typename":"PageQuery"},"selected":false,"__typename":"FacetValue"},{"code":"Dole","count":5,"name":"Dole","query":{"query":{"value":"searchQuery=:relevance:manufacturerNameFacet:Dole","__typename":"InternalPageQuery"},"__typename":"PageQuery"},"selected":false,"__typename":"FacetValue"},{"code":"Doritos","count":11,"name":"Doritos","query":{"query":{"value":"searchQuery=:relevance:manufacturerNameFacet:Doritos","__typename":"InternalPageQuery"},"__typename":"PageQuery"},"selected":false,"__typename":"FacetValue"},{"code":"Douwe Egberts","count":37,"name":"Douwe Egberts","query":{"query":{"value":"searchQuery=:relevance:manufacturerNameFacet:Douwe+Egberts","__typename":"InternalPageQuery"},"__typename":"PageQuery"},"selected":false,"__typename":"FacetValue"},{"code":"Dove","count":66,"name":"Dove","query":{"query":{"value":"searchQuery=:relevance:manufacturerNameFacet:Dove","__typename":"InternalPageQuery"},"__typename":"PageQuery"},"selected":false,"__typename":"FacetValue"},{"code":"Dr. Beckmann","count":6,"name":"Dr. Beckmann","query":{"query":{"value":"searchQuery=:relevance:manufacturerNameFacet:Dr.+Beckmann","__typename":"InternalPageQuery"},"__typename":"PageQuery"},"selected":false,"__typename":"FacetValue"},{"code":"Dr. oetker","count":66,"name":"Dr. oetker","query":{"query":{"value":"searchQuery=:relevance:manufacturerNameFacet:Dr.+oetker","__typename":"InternalPageQuery"},"__typename":"PageQuery"},"selected":false,"__typename":"FacetValue"},{"code":"Dreft","count":49,"name":"Dreft","query":{"query":{"value":"searchQuery=:relevance:manufacturerNameFacet:Dreft","__typename":"InternalPageQuery"},"__typename":"PageQuery"},"selected":false,"__typename":"FacetValue"},{"code":"Duc d'O","count":5,"name":"Duc d'O","query":{"query":{"value":"searchQuery=:relevance:manufacturerNameFacet:Duc+d%26%23x27%3BO","__typename":"InternalPageQuery"},"__typename":"PageQuery"},"selected":false,"__typename":"FacetValue"},{"code":"Duracell","count":12,"name":"Duracell","query":{"query":{"value":"searchQuery=:relevance:manufacturerNameFacet:Duracell","__typename":"InternalPageQuery"},"__typename":"PageQuery"},"selected":false,"__typename":"FacetValue"},{"code":"Durex","count":22,"name":"Durex","query":{"query":{"value":"searchQuery=:relevance:manufacturerNameFacet:Durex","__typename":"InternalPageQuery"},"__typename":"PageQuery"},"selected":false,"__typename":"FacetValue"},{"code":"Duval-Leroy","count":12,"name":"Duval-Leroy","query":{"query":{"value":"searchQuery=:relevance:manufacturerNameFacet:Duval-Leroy","__typename":"InternalPageQuery"},"__typename":"PageQuery"},"selected":false,"__typename":"FacetValue"},{"code":"Duvel","count":9,"name":"Duvel","query":{"query":{"value":"searchQuery=:relevance:manufacturerNameFacet:Duvel","__typename":"InternalPageQuery"},"__typename":"PageQuery"},"selected":false,"__typename":"FacetValue"},{"code":"Duyvis","count":11,"name":"Duyvis","query":{"query":{"value":"searchQuery=:relevance:manufacturerNameFacet:Duyvis","__typename":"InternalPageQuery"},"__typename":"PageQuery"},"selected":false,"__typename":"FacetValue"},{"code":"Délio","count":13,"name":"Délio","query":{"query":{"value":"searchQuery=:relevance:manufacturerNameFacet:D%C3%A9lio","__typename":"InternalPageQuery"},"__typename":"PageQuery"},"selected":false,"__typename":"FacetValue"},{"code":"Eau Ecarlate","count":8,"name":"Eau Ecarlate","query":{"query":{"value":"searchQuery=:relevance:manufacturerNameFacet:Eau+Ecarlate","__typename":"InternalPageQuery"},"__typename":"PageQuery"},"selected":false,"__typename":"FacetValue"},{"code":"Ecover","count":38,"name":"Ecover","query":{"query":{"value":"searchQuery=:relevance:manufacturerNameFacet:Ecover","__typename":"InternalPageQuery"},"__typename":"PageQuery"},"selected":false,"__typename":"FacetValue"},{"code":"Edgard & Cooper","count":11,"name":"Edgard & Cooper","query":{"query":{"value":"searchQuery=:relevance:manufacturerNameFacet:Edgard+%26+Cooper","__typename":"InternalPageQuery"},"__typename":"PageQuery"},"selected":false,"__typename":"FacetValue"},{"code":"Effi","count":5,"name":"Effi","query":{"query":{"value":"searchQuery=:relevance:manufacturerNameFacet:Effi","__typename":"InternalPageQuery"},"__typename":"PageQuery"},"selected":false,"__typename":"FacetValue"},{"code":"El Corte Ingles","count":9,"name":"El Corte Ingles","query":{"query":{"value":"searchQuery=:relevance:manufacturerNameFacet:El+Corte+Ingles","__typename":"InternalPageQuery"},"__typename":"PageQuery"},"selected":false,"__typename":"FacetValue"},{"code":"Elfique","count":5,"name":"Elfique","query":{"query":{"value":"searchQuery=:relevance:manufacturerNameFacet:Elfique","__typename":"InternalPageQuery"},"__typename":"PageQuery"},"selected":false,"__typename":"FacetValue"},{"code":"Ella's Kitchen","count":6,"name":"Ella's Kitchen","query":{"query":{"value":"searchQuery=:relevance:manufacturerNameFacet:Ella%26%23x27%3Bs+Kitchen","__typename":"InternalPageQuery"},"__typename":"PageQuery"},"selected":false,"__typename":"FacetValue"},{"code":"Elmex","count":12,"name":"Elmex","query":{"query":{"value":"searchQuery=:relevance:manufacturerNameFacet:Elmex","__typename":"InternalPageQuery"},"__typename":"PageQuery"},"selected":false,"__typename":"FacetValue"},{"code":"Elnett","count":9,"name":"Elnett","query":{"query":{"value":"searchQuery=:relevance:manufacturerNameFacet:Elnett","__typename":"InternalPageQuery"},"__typename":"PageQuery"},"selected":false,"__typename":"FacetValue"},{"code":"Elsève","count":6,"name":"Elsève","query":{"query":{"value":"searchQuery=:relevance:manufacturerNameFacet:Els%C3%A8ve","__typename":"InternalPageQuery"},"__typename":"PageQuery"},"selected":false,"__typename":"FacetValue"},{"code":"Elvea","count":23,"name":"Elvea","query":{"query":{"value":"searchQuery=:relevance:manufacturerNameFacet:Elvea","__typename":"InternalPageQuery"},"__typename":"PageQuery"},"selected":false,"__typename":"FacetValue"},{"code":"Emmi","count":7,"name":"Emmi","query":{"query":{"value":"searchQuery=:relevance:manufacturerNameFacet:Emmi","__typename":"InternalPageQuery"},"__typename":"PageQuery"},"selected":false,"__typename":"FacetValue"},{"code":"Energizer","count":10,"name":"Energizer","query":{"query":{"value":"searchQuery=:relevance:manufacturerNameFacet:Energizer","__typename":"InternalPageQuery"},"__typename":"PageQuery"},"selected":false,"__typename":"FacetValue"},{"code":"Entremont","count":12,"name":"Entremont","query":{"query":{"value":"searchQuery=:relevance:manufacturerNameFacet:Entremont","__typename":"InternalPageQuery"},"__typename":"PageQuery"},"selected":false,"__typename":"FacetValue"},{"code":"Eres","count":6,"name":"Eres","query":{"query":{"value":"searchQuery=:relevance:manufacturerNameFacet:Eres","__typename":"InternalPageQuery"},"__typename":"PageQuery"},"selected":false,"__typename":"FacetValue"},{"code":"Eristoff","count":5,"name":"Eristoff","query":{"query":{"value":"searchQuery=:relevance:manufacturerNameFacet:Eristoff","__typename":"InternalPageQuery"},"__typename":"PageQuery"},"selected":false,"__typename":"FacetValue"},{"code":"Espagne - Spajne","count":5,"name":"Espagne - Spajne","query":{"query":{"value":"searchQuery=:relevance:manufacturerNameFacet:Espagne+-+Spajne","__typename":"InternalPageQuery"},"__typename":"PageQuery"},"selected":false,"__typename":"FacetValue"},{"code":"Espagne - Spanje","count":29,"name":"Espagne - Spanje","query":{"query":{"value":"searchQuery=:relevance:manufacturerNameFacet:Espagne+-+Spanje","__typename":"InternalPageQuery"},"__typename":"PageQuery"},"selected":false,"__typename":"FacetValue"},{"code":"Etos","count":5,"name":"Etos","query":{"query":{"value":"searchQuery=:relevance:manufacturerNameFacet:Etos","__typename":"InternalPageQuery"},"__typename":"PageQuery"},"selected":false,"__typename":"FacetValue"},{"code":"Euroma","count":25,"name":"Euroma","query":{"query":{"value":"searchQuery=:relevance:manufacturerNameFacet:Euroma","__typename":"InternalPageQuery"},"__typename":"PageQuery"},"selected":false,"__typename":"FacetValue"},{"code":"Evian","count":5,"name":"Evian","query":{"query":{"value":"searchQuery=:relevance:manufacturerNameFacet:Evian","__typename":"InternalPageQuery"},"__typename":"PageQuery"},"selected":false,"__typename":"FacetValue"},{"code":"Excellence","count":12,"name":"Excellence","query":{"query":{"value":"searchQuery=:relevance:manufacturerNameFacet:Excellence","__typename":"InternalPageQuery"},"__typename":"PageQuery"},"selected":false,"__typename":"FacetValue"},{"code":"Fa","count":27,"name":"Fa","query":{"query":{"value":"searchQuery=:relevance:manufacturerNameFacet:Fa","__typename":"InternalPageQuery"},"__typename":"PageQuery"},"selected":false,"__typename":"FacetValue"},{"code":"Fage","count":12,"name":"Fage","query":{"query":{"value":"searchQuery=:relevance:manufacturerNameFacet:Fage","__typename":"InternalPageQuery"},"__typename":"PageQuery"},"selected":false,"__typename":"FacetValue"},{"code":"Fairebel","count":5,"name":"Fairebel","query":{"query":{"value":"searchQuery=:relevance:manufacturerNameFacet:Fairebel","__typename":"InternalPageQuery"},"__typename":"PageQuery"},"selected":false,"__typename":"FacetValue"},{"code":"Fancy Brand","count":6,"name":"Fancy Brand","query":{"query":{"value":"searchQuery=:relevance:manufacturerNameFacet:Fancy+Brand","__typename":"InternalPageQuery"},"__typename":"PageQuery"},"selected":false,"__typename":"FacetValue"},{"code":"Fanta","count":17,"name":"Fanta","query":{"query":{"value":"searchQuery=:relevance:manufacturerNameFacet:Fanta","__typename":"InternalPageQuery"},"__typename":"PageQuery"},"selected":false,"__typename":"FacetValue"},{"code":"Febreze","count":9,"name":"Febreze","query":{"query":{"value":"searchQuery=:relevance:manufacturerNameFacet:Febreze","__typename":"InternalPageQuery"},"__typename":"PageQuery"},"selected":false,"__typename":"FacetValue"},{"code":"Felix","count":18,"name":"Felix","query":{"query":{"value":"searchQuery=:relevance:manufacturerNameFacet:Felix","__typename":"InternalPageQuery"},"__typename":"PageQuery"},"selected":false,"__typename":"FacetValue"},{"code":"Feminine","count":6,"name":"Feminine","query":{"query":{"value":"searchQuery=:relevance:manufacturerNameFacet:Feminine","__typename":"InternalPageQuery"},"__typename":"PageQuery"},"selected":false,"__typename":"FacetValue"},{"code":"Ferrero","count":18,"name":"Ferrero","query":{"query":{"value":"searchQuery=:relevance:manufacturerNameFacet:Ferrero","__typename":"InternalPageQuery"},"__typename":"PageQuery"},"selected":false,"__typename":"FacetValue"},{"code":"Feuille d'Or","count":6,"name":"Feuille d'Or","query":{"query":{"value":"searchQuery=:relevance:manufacturerNameFacet:Feuille+d%26%23x27%3BOr","__typename":"InternalPageQuery"},"__typename":"PageQuery"},"selected":false,"__typename":"FacetValue"},{"code":"Fever-Tree","count":15,"name":"Fever-Tree","query":{"query":{"value":"searchQuery=:relevance:manufacturerNameFacet:Fever-Tree","__typename":"InternalPageQuery"},"__typename":"PageQuery"},"selected":false,"__typename":"FacetValue"},{"code":"Filippo Berio","count":5,"name":"Filippo Berio","query":{"query":{"value":"searchQuery=:relevance:manufacturerNameFacet:Filippo+Berio","__typename":"InternalPageQuery"},"__typename":"PageQuery"},"selected":false,"__typename":"FacetValue"},{"code":"Filliers","count":7,"name":"Filliers","query":{"query":{"value":"searchQuery=:relevance:manufacturerNameFacet:Filliers","__typename":"InternalPageQuery"},"__typename":"PageQuery"},"selected":false,"__typename":"FacetValue"},{"code":"Finish","count":17,"name":"Finish","query":{"query":{"value":"searchQuery=:relevance:manufacturerNameFacet:Finish","__typename":"InternalPageQuery"},"__typename":"PageQuery"},"selected":false,"__typename":"FacetValue"},{"code":"Fior Fiore","count":14,"name":"Fior Fiore","query":{"query":{"value":"searchQuery=:relevance:manufacturerNameFacet:Fior+Fiore","__typename":"InternalPageQuery"},"__typename":"PageQuery"},"selected":false,"__typename":"FacetValue"},{"code":"Fiordifrutta","count":15,"name":"Fiordifrutta","query":{"query":{"value":"searchQuery=:relevance:manufacturerNameFacet:Fiordifrutta","__typename":"InternalPageQuery"},"__typename":"PageQuery"},"selected":false,"__typename":"FacetValue"},{"code":"First State","count":5,"name":"First State","query":{"query":{"value":"searchQuery=:relevance:manufacturerNameFacet:First+State","__typename":"InternalPageQuery"},"__typename":"PageQuery"},"selected":false,"__typename":"FacetValue"},{"code":"Fish Peas","count":6,"name":"Fish Peas","query":{"query":{"value":"searchQuery=:relevance:manufacturerNameFacet:Fish+Peas","__typename":"InternalPageQuery"},"__typename":"PageQuery"},"selected":false,"__typename":"FacetValue"},{"code":"Florena","count":9,"name":"Florena","query":{"query":{"value":"searchQuery=:relevance:manufacturerNameFacet:Florena","__typename":"InternalPageQuery"},"__typename":"PageQuery"},"selected":false,"__typename":"FacetValue"},{"code":"Foodmaker","count":12,"name":"Foodmaker","query":{"query":{"value":"searchQuery=:relevance:manufacturerNameFacet:Foodmaker","__typename":"InternalPageQuery"},"__typename":"PageQuery"},"selected":false,"__typename":"FacetValue"},{"code":"France - Frankijk","count":6,"name":"France - Frankijk","query":{"query":{"value":"searchQuery=:relevance:manufacturerNameFacet:France+-+Frankijk","__typename":"InternalPageQuery"},"__typename":"PageQuery"},"selected":false,"__typename":"FacetValue"},{"code":"France - Frankrijk","count":396,"name":"France - Frankrijk","query":{"query":{"value":"searchQuery=:relevance:manufacturerNameFacet:France+-+Frankrijk","__typename":"InternalPageQuery"},"__typename":"PageQuery"},"selected":false,"__typename":"FacetValue"},{"code":"France -- Frankijk","count":11,"name":"France -- Frankijk","query":{"query":{"value":"searchQuery=:relevance:manufacturerNameFacet:France+--+Frankijk","__typename":"InternalPageQuery"},"__typename":"PageQuery"},"selected":false,"__typename":"FacetValue"},{"code":"France-Frankrijk","count":17,"name":"France-Frankrijk","query":{"query":{"value":"searchQuery=:relevance:manufacturerNameFacet:France-Frankrijk","__typename":"InternalPageQuery"},"__typename":"PageQuery"},"selected":false,"__typename":"FacetValue"},{"code":"Freedent","count":8,"name":"Freedent","query":{"query":{"value":"searchQuery=:relevance:manufacturerNameFacet:Freedent","__typename":"InternalPageQuery"},"__typename":"PageQuery"},"selected":false,"__typename":"FacetValue"},{"code":"Frisk","count":10,"name":"Frisk","query":{"query":{"value":"searchQuery=:relevance:manufacturerNameFacet:Frisk","__typename":"InternalPageQuery"},"__typename":"PageQuery"},"selected":false,"__typename":"FacetValue"},{"code":"Friskies","count":16,"name":"Friskies","query":{"query":{"value":"searchQuery=:relevance:manufacturerNameFacet:Friskies","__typename":"InternalPageQuery"},"__typename":"PageQuery"},"selected":false,"__typename":"FacetValue"},{"code":"Frosch","count":12,"name":"Frosch","query":{"query":{"value":"searchQuery=:relevance:manufacturerNameFacet:Frosch","__typename":"InternalPageQuery"},"__typename":"PageQuery"},"selected":false,"__typename":"FacetValue"},{"code":"Fructis","count":20,"name":"Fructis","query":{"query":{"value":"searchQuery=:relevance:manufacturerNameFacet:Fructis","__typename":"InternalPageQuery"},"__typename":"PageQuery"},"selected":false,"__typename":"FacetValue"},{"code":"Fruittella","count":8,"name":"Fruittella","query":{"query":{"value":"searchQuery=:relevance:manufacturerNameFacet:Fruittella","__typename":"InternalPageQuery"},"__typename":"PageQuery"},"selected":false,"__typename":"FacetValue"},{"code":"Fulfil","count":6,"name":"Fulfil","query":{"query":{"value":"searchQuery=:relevance:manufacturerNameFacet:Fulfil","__typename":"InternalPageQuery"},"__typename":"PageQuery"},"selected":false,"__typename":"FacetValue"},{"code":"Fundo","count":11,"name":"Fundo","query":{"query":{"value":"searchQuery=:relevance:manufacturerNameFacet:Fundo","__typename":"InternalPageQuery"},"__typename":"PageQuery"},"selected":false,"__typename":"FacetValue"},{"code":"Fuze Tea","count":12,"name":"Fuze Tea","query":{"query":{"value":"searchQuery=:relevance:manufacturerNameFacet:Fuze+Tea","__typename":"InternalPageQuery"},"__typename":"PageQuery"},"selected":false,"__typename":"FacetValue"},{"code":"Gabriel","count":6,"name":"Gabriel","query":{"query":{"value":"searchQuery=:relevance:manufacturerNameFacet:Gabriel","__typename":"InternalPageQuery"},"__typename":"PageQuery"},"selected":false,"__typename":"FacetValue"},{"code":"Galak","count":7,"name":"Galak","query":{"query":{"value":"searchQuery=:relevance:manufacturerNameFacet:Galak","__typename":"InternalPageQuery"},"__typename":"PageQuery"},"selected":false,"__typename":"FacetValue"},{"code":"Galbani","count":10,"name":"Galbani","query":{"query":{"value":"searchQuery=:relevance:manufacturerNameFacet:Galbani","__typename":"InternalPageQuery"},"__typename":"PageQuery"},"selected":false,"__typename":"FacetValue"},{"code":"Galenco","count":8,"name":"Galenco","query":{"query":{"value":"searchQuery=:relevance:manufacturerNameFacet:Galenco","__typename":"InternalPageQuery"},"__typename":"PageQuery"},"selected":false,"__typename":"FacetValue"},{"code":"Galler","count":29,"name":"Galler","query":{"query":{"value":"searchQuery=:relevance:manufacturerNameFacet:Galler","__typename":"InternalPageQuery"},"__typename":"PageQuery"},"selected":false,"__typename":"FacetValue"},{"code":"Ganda","count":9,"name":"Ganda","query":{"query":{"value":"searchQuery=:relevance:manufacturerNameFacet:Ganda","__typename":"InternalPageQuery"},"__typename":"PageQuery"},"selected":false,"__typename":"FacetValue"},{"code":"Garden Gourmet","count":32,"name":"Garden Gourmet","query":{"query":{"value":"searchQuery=:relevance:manufacturerNameFacet:Garden+Gourmet","__typename":"InternalPageQuery"},"__typename":"PageQuery"},"selected":false,"__typename":"FacetValue"},{"code":"Garnier","count":56,"name":"Garnier","query":{"query":{"value":"searchQuery=:relevance:manufacturerNameFacet:Garnier","__typename":"InternalPageQuery"},"__typename":"PageQuery"},"selected":false,"__typename":"FacetValue"},{"code":"Garofalo","count":6,"name":"Garofalo","query":{"query":{"value":"searchQuery=:relevance:manufacturerNameFacet:Garofalo","__typename":"InternalPageQuery"},"__typename":"PageQuery"},"selected":false,"__typename":"FacetValue"},{"code":"Gerlinéa","count":31,"name":"Gerlinéa","query":{"query":{"value":"searchQuery=:relevance:manufacturerNameFacet:Gerlin%C3%A9a","__typename":"InternalPageQuery"},"__typename":"PageQuery"},"selected":false,"__typename":"FacetValue"},{"code":"Gillette","count":70,"name":"Gillette","query":{"query":{"value":"searchQuery=:relevance:manufacturerNameFacet:Gillette","__typename":"InternalPageQuery"},"__typename":"PageQuery"},"selected":false,"__typename":"FacetValue"},{"code":"Glade By Brise","count":20,"name":"Glade By Brise","query":{"query":{"value":"searchQuery=:relevance:manufacturerNameFacet:Glade+By+Brise","__typename":"InternalPageQuery"},"__typename":"PageQuery"},"selected":false,"__typename":"FacetValue"},{"code":"Gliss Kur","count":20,"name":"Gliss Kur","query":{"query":{"value":"searchQuery=:relevance:manufacturerNameFacet:Gliss+Kur","__typename":"InternalPageQuery"},"__typename":"PageQuery"},"selected":false,"__typename":"FacetValue"},{"code":"Gordon's","count":7,"name":"Gordon's","query":{"query":{"value":"searchQuery=:relevance:manufacturerNameFacet:Gordon%26%23x27%3Bs","__typename":"InternalPageQuery"},"__typename":"PageQuery"},"selected":false,"__typename":"FacetValue"},{"code":"Gourmet","count":29,"name":"Gourmet","query":{"query":{"value":"searchQuery=:relevance:manufacturerNameFacet:Gourmet","__typename":"InternalPageQuery"},"__typename":"PageQuery"},"selected":false,"__typename":"FacetValue"},{"code":"GR'EAT granola","count":6,"name":"GR'EAT granola","query":{"query":{"value":"searchQuery=:relevance:manufacturerNameFacet:GR%26%23x27%3BEAT+granola","__typename":"InternalPageQuery"},"__typename":"PageQuery"},"selected":false,"__typename":"FacetValue"},{"code":"Graham's","count":5,"name":"Graham's","query":{"query":{"value":"searchQuery=:relevance:manufacturerNameFacet:Graham%26%23x27%3Bs","__typename":"InternalPageQuery"},"__typename":"PageQuery"},"selected":false,"__typename":"FacetValue"},{"code":"Granini","count":12,"name":"Granini","query":{"query":{"value":"searchQuery=:relevance:manufacturerNameFacet:Granini","__typename":"InternalPageQuery"},"__typename":"PageQuery"},"selected":false,"__typename":"FacetValue"},{"code":"Greenway","count":9,"name":"Greenway","query":{"query":{"value":"searchQuery=:relevance:manufacturerNameFacet:Greenway","__typename":"InternalPageQuery"},"__typename":"PageQuery"},"selected":false,"__typename":"FacetValue"},{"code":"Grega","count":5,"name":"Grega","query":{"query":{"value":"searchQuery=:relevance:manufacturerNameFacet:Grega","__typename":"InternalPageQuery"},"__typename":"PageQuery"},"selected":false,"__typename":"FacetValue"},{"code":"Grimbergen","count":9,"name":"Grimbergen","query":{"query":{"value":"searchQuery=:relevance:manufacturerNameFacet:Grimbergen","__typename":"InternalPageQuery"},"__typename":"PageQuery"},"selected":false,"__typename":"FacetValue"},{"code":"Gum","count":6,"name":"Gum","query":{"query":{"value":"searchQuery=:relevance:manufacturerNameFacet:Gum","__typename":"InternalPageQuery"},"__typename":"PageQuery"},"selected":false,"__typename":"FacetValue"},{"code":"Hak","count":36,"name":"Hak","query":{"query":{"value":"searchQuery=:relevance:manufacturerNameFacet:Hak","__typename":"InternalPageQuery"},"__typename":"PageQuery"},"selected":false,"__typename":"FacetValue"},{"code":"Hamlet","count":6,"name":"Hamlet","query":{"query":{"value":"searchQuery=:relevance:manufacturerNameFacet:Hamlet","__typename":"InternalPageQuery"},"__typename":"PageQuery"},"selected":false,"__typename":"FacetValue"},{"code":"Hansaplast","count":34,"name":"Hansaplast","query":{"query":{"value":"searchQuery=:relevance:manufacturerNameFacet:Hansaplast","__typename":"InternalPageQuery"},"__typename":"PageQuery"},"selected":false,"__typename":"FacetValue"},{"code":"Happy Paper","count":26,"name":"Happy Paper","query":{"query":{"value":"searchQuery=:relevance:manufacturerNameFacet:Happy+Paper","__typename":"InternalPageQuery"},"__typename":"PageQuery"},"selected":false,"__typename":"FacetValue"},{"code":"Haribo","count":30,"name":"Haribo","query":{"query":{"value":"searchQuery=:relevance:manufacturerNameFacet:Haribo","__typename":"InternalPageQuery"},"__typename":"PageQuery"},"selected":false,"__typename":"FacetValue"},{"code":"Harpic","count":6,"name":"Harpic","query":{"query":{"value":"searchQuery=:relevance:manufacturerNameFacet:Harpic","__typename":"InternalPageQuery"},"__typename":"PageQuery"},"selected":false,"__typename":"FacetValue"},{"code":"Harrys","count":12,"name":"Harrys","query":{"query":{"value":"searchQuery=:relevance:manufacturerNameFacet:Harrys","__typename":"InternalPageQuery"},"__typename":"PageQuery"},"selected":false,"__typename":"FacetValue"},{"code":"Haust","count":8,"name":"Haust","query":{"query":{"value":"searchQuery=:relevance:manufacturerNameFacet:Haust","__typename":"InternalPageQuery"},"__typename":"PageQuery"},"selected":false,"__typename":"FacetValue"},{"code":"Havana Club","count":5,"name":"Havana Club","query":{"query":{"value":"searchQuery=:relevance:manufacturerNameFacet:Havana+Club","__typename":"InternalPageQuery"},"__typename":"PageQuery"},"selected":false,"__typename":"FacetValue"},{"code":"Head & Shoulders","count":35,"name":"Head & Shoulders","query":{"query":{"value":"searchQuery=:relevance:manufacturerNameFacet:Head+%26+Shoulders","__typename":"InternalPageQuery"},"__typename":"PageQuery"},"selected":false,"__typename":"FacetValue"},{"code":"Heinz","count":26,"name":"Heinz","query":{"query":{"value":"searchQuery=:relevance:manufacturerNameFacet:Heinz","__typename":"InternalPageQuery"},"__typename":"PageQuery"},"selected":false,"__typename":"FacetValue"},{"code":"Hellmann's","count":8,"name":"Hellmann's","query":{"query":{"value":"searchQuery=:relevance:manufacturerNameFacet:Hellmann%26%23x27%3Bs","__typename":"InternalPageQuery"},"__typename":"PageQuery"},"selected":false,"__typename":"FacetValue"},{"code":"Herta","count":30,"name":"Herta","query":{"query":{"value":"searchQuery=:relevance:manufacturerNameFacet:Herta","__typename":"InternalPageQuery"},"__typename":"PageQuery"},"selected":false,"__typename":"FacetValue"},{"code":"HG","count":126,"name":"HG","query":{"query":{"value":"searchQuery=:relevance:manufacturerNameFacet:HG","__typename":"InternalPageQuery"},"__typename":"PageQuery"},"selected":false,"__typename":"FacetValue"},{"code":"Hipp","count":23,"name":"Hipp","query":{"query":{"value":"searchQuery=:relevance:manufacturerNameFacet:Hipp","__typename":"InternalPageQuery"},"__typename":"PageQuery"},"selected":false,"__typename":"FacetValue"},{"code":"Hoegaarden","count":8,"name":"Hoegaarden","query":{"query":{"value":"searchQuery=:relevance:manufacturerNameFacet:Hoegaarden","__typename":"InternalPageQuery"},"__typename":"PageQuery"},"selected":false,"__typename":"FacetValue"},{"code":"Huggies","count":10,"name":"Huggies","query":{"query":{"value":"searchQuery=:relevance:manufacturerNameFacet:Huggies","__typename":"InternalPageQuery"},"__typename":"PageQuery"},"selected":false,"__typename":"FacetValue"},{"code":"Häagen-Dazs","count":15,"name":"Häagen-Dazs","query":{"query":{"value":"searchQuery=:relevance:manufacturerNameFacet:H%C3%A4agen-Dazs","__typename":"InternalPageQuery"},"__typename":"PageQuery"},"selected":false,"__typename":"FacetValue"},{"code":"Iberiq","count":7,"name":"Iberiq","query":{"query":{"value":"searchQuery=:relevance:manufacturerNameFacet:Iberiq","__typename":"InternalPageQuery"},"__typename":"PageQuery"},"selected":false,"__typename":"FacetValue"},{"code":"Iglo","count":84,"name":"Iglo","query":{"query":{"value":"searchQuery=:relevance:manufacturerNameFacet:Iglo","__typename":"InternalPageQuery"},"__typename":"PageQuery"},"selected":false,"__typename":"FacetValue"},{"code":"Ijsboerke","count":20,"name":"Ijsboerke","query":{"query":{"value":"searchQuery=:relevance:manufacturerNameFacet:Ijsboerke","__typename":"InternalPageQuery"},"__typename":"PageQuery"},"selected":false,"__typename":"FacetValue"},{"code":"Illy","count":17,"name":"Illy","query":{"query":{"value":"searchQuery=:relevance:manufacturerNameFacet:Illy","__typename":"InternalPageQuery"},"__typename":"PageQuery"},"selected":false,"__typename":"FacetValue"},{"code":"Imperial","count":40,"name":"Imperial","query":{"query":{"value":"searchQuery=:relevance:manufacturerNameFacet:Imperial","__typename":"InternalPageQuery"},"__typename":"PageQuery"},"selected":false,"__typename":"FacetValue"},{"code":"Inex","count":8,"name":"Inex","query":{"query":{"value":"searchQuery=:relevance:manufacturerNameFacet:Inex","__typename":"InternalPageQuery"},"__typename":"PageQuery"},"selected":false,"__typename":"FacetValue"},{"code":"Innocent","count":32,"name":"Innocent","query":{"query":{"value":"searchQuery=:relevance:manufacturerNameFacet:Innocent","__typename":"InternalPageQuery"},"__typename":"PageQuery"},"selected":false,"__typename":"FacetValue"},{"code":"Instanet","count":5,"name":"Instanet","query":{"query":{"value":"searchQuery=:relevance:manufacturerNameFacet:Instanet","__typename":"InternalPageQuery"},"__typename":"PageQuery"},"selected":false,"__typename":"FacetValue"},{"code":"Isostar","count":16,"name":"Isostar","query":{"query":{"value":"searchQuery=:relevance:manufacturerNameFacet:Isostar","__typename":"InternalPageQuery"},"__typename":"PageQuery"},"selected":false,"__typename":"FacetValue"},{"code":"Italie - Italië","count":80,"name":"Italie - Italië","query":{"query":{"value":"searchQuery=:relevance:manufacturerNameFacet:Italie+-+Itali%C3%AB","__typename":"InternalPageQuery"},"__typename":"PageQuery"},"selected":false,"__typename":"FacetValue"},{"code":"Italie-Italîe","count":19,"name":"Italie-Italîe","query":{"query":{"value":"searchQuery=:relevance:manufacturerNameFacet:Italie-Ital%C3%AEe","__typename":"InternalPageQuery"},"__typename":"PageQuery"},"selected":false,"__typename":"FacetValue"},{"code":"Italie-Italïe","count":7,"name":"Italie-Italïe","query":{"query":{"value":"searchQuery=:relevance:manufacturerNameFacet:Italie-Ital%C3%AFe","__typename":"InternalPageQuery"},"__typename":"PageQuery"},"selected":false,"__typename":"FacetValue"},{"code":"J&B","count":5,"name":"J&B","query":{"query":{"value":"searchQuery=:relevance:manufacturerNameFacet:J%26B","__typename":"InternalPageQuery"},"__typename":"PageQuery"},"selected":false,"__typename":"FacetValue"},{"code":"Jack Daniel's","count":7,"name":"Jack Daniel's","query":{"query":{"value":"searchQuery=:relevance:manufacturerNameFacet:Jack+Daniel%26%23x27%3Bs","__typename":"InternalPageQuery"},"__typename":"PageQuery"},"selected":false,"__typename":"FacetValue"},{"code":"Jacqmotte","count":10,"name":"Jacqmotte","query":{"query":{"value":"searchQuery=:relevance:manufacturerNameFacet:Jacqmotte","__typename":"InternalPageQuery"},"__typename":"PageQuery"},"selected":false,"__typename":"FacetValue"},{"code":"Jacques","count":12,"name":"Jacques","query":{"query":{"value":"searchQuery=:relevance:manufacturerNameFacet:Jacques","__typename":"InternalPageQuery"},"__typename":"PageQuery"},"selected":false,"__typename":"FacetValue"},{"code":"Jannine & Family","count":8,"name":"Jannine & Family","query":{"query":{"value":"searchQuery=:relevance:manufacturerNameFacet:Jannine+%26+Family","__typename":"InternalPageQuery"},"__typename":"PageQuery"},"selected":false,"__typename":"FacetValue"},{"code":"Jean Larnaudie","count":5,"name":"Jean Larnaudie","query":{"query":{"value":"searchQuery=:relevance:manufacturerNameFacet:Jean+Larnaudie","__typename":"InternalPageQuery"},"__typename":"PageQuery"},"selected":false,"__typename":"FacetValue"},{"code":"John West","count":5,"name":"John West","query":{"query":{"value":"searchQuery=:relevance:manufacturerNameFacet:John+West","__typename":"InternalPageQuery"},"__typename":"PageQuery"},"selected":false,"__typename":"FacetValue"},{"code":"Jolly","count":7,"name":"Jolly","query":{"query":{"value":"searchQuery=:relevance:manufacturerNameFacet:Jolly","__typename":"InternalPageQuery"},"__typename":"PageQuery"},"selected":false,"__typename":"FacetValue"},{"code":"Jordans","count":7,"name":"Jordans","query":{"query":{"value":"searchQuery=:relevance:manufacturerNameFacet:Jordans","__typename":"InternalPageQuery"},"__typename":"PageQuery"},"selected":false,"__typename":"FacetValue"},{"code":"Joris","count":13,"name":"Joris","query":{"query":{"value":"searchQuery=:relevance:manufacturerNameFacet:Joris","__typename":"InternalPageQuery"},"__typename":"PageQuery"},"selected":false,"__typename":"FacetValue"},{"code":"Jozo","count":10,"name":"Jozo","query":{"query":{"value":"searchQuery=:relevance:manufacturerNameFacet:Jozo","__typename":"InternalPageQuery"},"__typename":"PageQuery"},"selected":false,"__typename":"FacetValue"},{"code":"Jules Destrooper","count":15,"name":"Jules Destrooper","query":{"query":{"value":"searchQuery=:relevance:manufacturerNameFacet:Jules+Destrooper","__typename":"InternalPageQuery"},"__typename":"PageQuery"},"selected":false,"__typename":"FacetValue"},{"code":"Jupiler","count":14,"name":"Jupiler","query":{"query":{"value":"searchQuery=:relevance:manufacturerNameFacet:Jupiler","__typename":"InternalPageQuery"},"__typename":"PageQuery"},"selected":false,"__typename":"FacetValue"},{"code":"Kellogg's","count":40,"name":"Kellogg's","query":{"query":{"value":"searchQuery=:relevance:manufacturerNameFacet:Kellogg%26%23x27%3Bs","__typename":"InternalPageQuery"},"__typename":"PageQuery"},"selected":false,"__typename":"FacetValue"},{"code":"Kinder","count":23,"name":"Kinder","query":{"query":{"value":"searchQuery=:relevance:manufacturerNameFacet:Kinder","__typename":"InternalPageQuery"},"__typename":"PageQuery"},"selected":false,"__typename":"FacetValue"},{"code":"King C Gillette","count":9,"name":"King C Gillette","query":{"query":{"value":"searchQuery=:relevance:manufacturerNameFacet:King+C+Gillette","__typename":"InternalPageQuery"},"__typename":"PageQuery"},"selected":false,"__typename":"FacetValue"},{"code":"Klaas Puul","count":6,"name":"Klaas Puul","query":{"query":{"value":"searchQuery=:relevance:manufacturerNameFacet:Klaas+Puul","__typename":"InternalPageQuery"},"__typename":"PageQuery"},"selected":false,"__typename":"FacetValue"},{"code":"Kleenex","count":16,"name":"Kleenex","query":{"query":{"value":"searchQuery=:relevance:manufacturerNameFacet:Kleenex","__typename":"InternalPageQuery"},"__typename":"PageQuery"},"selected":false,"__typename":"FacetValue"},{"code":"Knorr","count":109,"name":"Knorr","query":{"query":{"value":"searchQuery=:relevance:manufacturerNameFacet:Knorr","__typename":"InternalPageQuery"},"__typename":"PageQuery"},"selected":false,"__typename":"FacetValue"},{"code":"Kusmi Tea","count":8,"name":"Kusmi Tea","query":{"query":{"value":"searchQuery=:relevance:manufacturerNameFacet:Kusmi+Tea","__typename":"InternalPageQuery"},"__typename":"PageQuery"},"selected":false,"__typename":"FacetValue"},{"code":"Kwak","count":8,"name":"Kwak","query":{"query":{"value":"searchQuery=:relevance:manufacturerNameFacet:Kwak","__typename":"InternalPageQuery"},"__typename":"PageQuery"},"selected":false,"__typename":"FacetValue"},{"code":"Kwatta","count":9,"name":"Kwatta","query":{"query":{"value":"searchQuery=:relevance:manufacturerNameFacet:Kwatta","__typename":"InternalPageQuery"},"__typename":"PageQuery"},"selected":false,"__typename":"FacetValue"},{"code":"L'Or","count":28,"name":"L'Or","query":{"query":{"value":"searchQuery=:relevance:manufacturerNameFacet:L%26%23x27%3BOr","__typename":"InternalPageQuery"},"__typename":"PageQuery"},"selected":false,"__typename":"FacetValue"},{"code":"L'Oréal Paris","count":129,"name":"L'Oréal Paris","query":{"query":{"value":"searchQuery=:relevance:manufacturerNameFacet:L%26%23x27%3BOr%C3%A9al+Paris","__typename":"InternalPageQuery"},"__typename":"PageQuery"},"selected":false,"__typename":"FacetValue"},{"code":"La Fermière","count":7,"name":"La Fermière","query":{"query":{"value":"searchQuery=:relevance:manufacturerNameFacet:La+Fermi%C3%A8re","__typename":"InternalPageQuery"},"__typename":"PageQuery"},"selected":false,"__typename":"FacetValue"},{"code":"La Laitière","count":22,"name":"La Laitière","query":{"query":{"value":"searchQuery=:relevance:manufacturerNameFacet:La+Laiti%C3%A8re","__typename":"InternalPageQuery"},"__typename":"PageQuery"},"selected":false,"__typename":"FacetValue"},{"code":"La Lorraine","count":8,"name":"La Lorraine","query":{"query":{"value":"searchQuery=:relevance:manufacturerNameFacet:La+Lorraine","__typename":"InternalPageQuery"},"__typename":"PageQuery"},"selected":false,"__typename":"FacetValue"},{"code":"La Molisana","count":7,"name":"La Molisana","query":{"query":{"value":"searchQuery=:relevance:manufacturerNameFacet:La+Molisana","__typename":"InternalPageQuery"},"__typename":"PageQuery"},"selected":false,"__typename":"FacetValue"},{"code":"La Provençale","count":10,"name":"La Provençale","query":{"query":{"value":"searchQuery=:relevance:manufacturerNameFacet:La+Proven%C3%A7ale","__typename":"InternalPageQuery"},"__typename":"PageQuery"},"selected":false,"__typename":"FacetValue"},{"code":"La Vache qui rit","count":7,"name":"La Vache qui rit","query":{"query":{"value":"searchQuery=:relevance:manufacturerNameFacet:La+Vache+qui+rit","__typename":"InternalPageQuery"},"__typename":"PageQuery"},"selected":false,"__typename":"FacetValue"},{"code":"Labello","count":6,"name":"Labello","query":{"query":{"value":"searchQuery=:relevance:manufacturerNameFacet:Labello","__typename":"InternalPageQuery"},"__typename":"PageQuery"},"selected":false,"__typename":"FacetValue"},{"code":"Lacroix","count":6,"name":"Lacroix","query":{"query":{"value":"searchQuery=:relevance:manufacturerNameFacet:Lacroix","__typename":"InternalPageQuery"},"__typename":"PageQuery"},"selected":false,"__typename":"FacetValue"},{"code":"Latitude 28","count":27,"name":"Latitude 28","query":{"query":{"value":"searchQuery=:relevance:manufacturerNameFacet:Latitude+28","__typename":"InternalPageQuery"},"__typename":"PageQuery"},"selected":false,"__typename":"FacetValue"},{"code":"Lavazza","count":23,"name":"Lavazza","query":{"query":{"value":"searchQuery=:relevance:manufacturerNameFacet:Lavazza","__typename":"InternalPageQuery"},"__typename":"PageQuery"},"selected":false,"__typename":"FacetValue"},{"code":"Lay's","count":43,"name":"Lay's","query":{"query":{"value":"searchQuery=:relevance:manufacturerNameFacet:Lay%26%23x27%3Bs","__typename":"InternalPageQuery"},"__typename":"PageQuery"},"selected":false,"__typename":"FacetValue"},{"code":"Le Chat","count":22,"name":"Le Chat","query":{"query":{"value":"searchQuery=:relevance:manufacturerNameFacet:Le+Chat","__typename":"InternalPageQuery"},"__typename":"PageQuery"},"selected":false,"__typename":"FacetValue"},{"code":"Le Petit Marseillais","count":27,"name":"Le Petit Marseillais","query":{"query":{"value":"searchQuery=:relevance:manufacturerNameFacet:Le+Petit+Marseillais","__typename":"InternalPageQuery"},"__typename":"PageQuery"},"selected":false,"__typename":"FacetValue"},{"code":"Le Rustique","count":6,"name":"Le Rustique","query":{"query":{"value":"searchQuery=:relevance:manufacturerNameFacet:Le+Rustique","__typename":"InternalPageQuery"},"__typename":"PageQuery"},"selected":false,"__typename":"FacetValue"},{"code":"Leerdammer","count":9,"name":"Leerdammer","query":{"query":{"value":"searchQuery=:relevance:manufacturerNameFacet:Leerdammer","__typename":"InternalPageQuery"},"__typename":"PageQuery"},"selected":false,"__typename":"FacetValue"},{"code":"Leffe","count":21,"name":"Leffe","query":{"query":{"value":"searchQuery=:relevance:manufacturerNameFacet:Leffe","__typename":"InternalPageQuery"},"__typename":"PageQuery"},"selected":false,"__typename":"FacetValue"},{"code":"Lenor","count":22,"name":"Lenor","query":{"query":{"value":"searchQuery=:relevance:manufacturerNameFacet:Lenor","__typename":"InternalPageQuery"},"__typename":"PageQuery"},"selected":false,"__typename":"FacetValue"},{"code":"Les Recettes de l'Atelier","count":10,"name":"Les Recettes de l'Atelier","query":{"query":{"value":"searchQuery=:relevance:manufacturerNameFacet:Les+Recettes+de+l%26%23x27%3BAtelier","__typename":"InternalPageQuery"},"__typename":"PageQuery"},"selected":false,"__typename":"FacetValue"},{"code":"Libeert","count":7,"name":"Libeert","query":{"query":{"value":"searchQuery=:relevance:manufacturerNameFacet:Libeert","__typename":"InternalPageQuery"},"__typename":"PageQuery"},"selected":false,"__typename":"FacetValue"},{"code":"Liebig","count":28,"name":"Liebig","query":{"query":{"value":"searchQuery=:relevance:manufacturerNameFacet:Liebig","__typename":"InternalPageQuery"},"__typename":"PageQuery"},"selected":false,"__typename":"FacetValue"},{"code":"LIGHT & FREE","count":6,"name":"LIGHT & FREE","query":{"query":{"value":"searchQuery=:relevance:manufacturerNameFacet:LIGHT+%26+FREE","__typename":"InternalPageQuery"},"__typename":"PageQuery"},"selected":false,"__typename":"FacetValue"},{"code":"Lindemans","count":9,"name":"Lindemans","query":{"query":{"value":"searchQuery=:relevance:manufacturerNameFacet:Lindemans","__typename":"InternalPageQuery"},"__typename":"PageQuery"},"selected":false,"__typename":"FacetValue"},{"code":"Lindt","count":9,"name":"Lindt","query":{"query":{"value":"searchQuery=:relevance:manufacturerNameFacet:Lindt","__typename":"InternalPageQuery"},"__typename":"PageQuery"},"selected":false,"__typename":"FacetValue"},{"code":"Lipton","count":41,"name":"Lipton","query":{"query":{"value":"searchQuery=:relevance:manufacturerNameFacet:Lipton","__typename":"InternalPageQuery"},"__typename":"PageQuery"},"selected":false,"__typename":"FacetValue"},{"code":"Listerine","count":8,"name":"Listerine","query":{"query":{"value":"searchQuery=:relevance:manufacturerNameFacet:Listerine","__typename":"InternalPageQuery"},"__typename":"PageQuery"},"selected":false,"__typename":"FacetValue"},{"code":"Lotus","count":63,"name":"Lotus","query":{"query":{"value":"searchQuery=:relevance:manufacturerNameFacet:Lotus","__typename":"InternalPageQuery"},"__typename":"PageQuery"},"selected":false,"__typename":"FacetValue"},{"code":"LU","count":81,"name":"LU","query":{"query":{"value":"searchQuery=:relevance:manufacturerNameFacet:LU","__typename":"InternalPageQuery"},"__typename":"PageQuery"},"selected":false,"__typename":"FacetValue"},{"code":"Lupulus","count":8,"name":"Lupulus","query":{"query":{"value":"searchQuery=:relevance:manufacturerNameFacet:Lupulus","__typename":"InternalPageQuery"},"__typename":"PageQuery"},"selected":false,"__typename":"FacetValue"},{"code":"Lutti","count":22,"name":"Lutti","query":{"query":{"value":"searchQuery=:relevance:manufacturerNameFacet:Lutti","__typename":"InternalPageQuery"},"__typename":"PageQuery"},"selected":false,"__typename":"FacetValue"},{"code":"M&M's","count":17,"name":"M&M's","query":{"query":{"value":"searchQuery=:relevance:manufacturerNameFacet:M%26M%26%23x27%3Bs","__typename":"InternalPageQuery"},"__typename":"PageQuery"},"selected":false,"__typename":"FacetValue"},{"code":"Maes","count":8,"name":"Maes","query":{"query":{"value":"searchQuery=:relevance:manufacturerNameFacet:Maes","__typename":"InternalPageQuery"},"__typename":"PageQuery"},"selected":false,"__typename":"FacetValue"},{"code":"Maggi","count":12,"name":"Maggi","query":{"query":{"value":"searchQuery=:relevance:manufacturerNameFacet:Maggi","__typename":"InternalPageQuery"},"__typename":"PageQuery"},"selected":false,"__typename":"FacetValue"},{"code":"Magnum","count":24,"name":"Magnum","query":{"query":{"value":"searchQuery=:relevance:manufacturerNameFacet:Magnum","__typename":"InternalPageQuery"},"__typename":"PageQuery"},"selected":false,"__typename":"FacetValue"},{"code":"Maina","count":6,"name":"Maina","query":{"query":{"value":"searchQuery=:relevance:manufacturerNameFacet:Maina","__typename":"InternalPageQuery"},"__typename":"PageQuery"},"selected":false,"__typename":"FacetValue"},{"code":"Marcassou","count":10,"name":"Marcassou","query":{"query":{"value":"searchQuery=:relevance:manufacturerNameFacet:Marcassou","__typename":"InternalPageQuery"},"__typename":"PageQuery"},"selected":false,"__typename":"FacetValue"},{"code":"Maredsous","count":21,"name":"Maredsous","query":{"query":{"value":"searchQuery=:relevance:manufacturerNameFacet:Maredsous","__typename":"InternalPageQuery"},"__typename":"PageQuery"},"selected":false,"__typename":"FacetValue"},{"code":"Martini","count":21,"name":"Martini","query":{"query":{"value":"searchQuery=:relevance:manufacturerNameFacet:Martini","__typename":"InternalPageQuery"},"__typename":"PageQuery"},"selected":false,"__typename":"FacetValue"},{"code":"Materne","count":53,"name":"Materne","query":{"query":{"value":"searchQuery=:relevance:manufacturerNameFacet:Materne","__typename":"InternalPageQuery"},"__typename":"PageQuery"},"selected":false,"__typename":"FacetValue"},{"code":"Maybelline","count":118,"name":"Maybelline","query":{"query":{"value":"searchQuery=:relevance:manufacturerNameFacet:Maybelline","__typename":"InternalPageQuery"},"__typename":"PageQuery"},"selected":false,"__typename":"FacetValue"},{"code":"Mc Cain","count":20,"name":"Mc Cain","query":{"query":{"value":"searchQuery=:relevance:manufacturerNameFacet:Mc+Cain","__typename":"InternalPageQuery"},"__typename":"PageQuery"},"selected":false,"__typename":"FacetValue"},{"code":"Meli","count":12,"name":"Meli","query":{"query":{"value":"searchQuery=:relevance:manufacturerNameFacet:Meli","__typename":"InternalPageQuery"},"__typename":"PageQuery"},"selected":false,"__typename":"FacetValue"},{"code":"Melitta","count":7,"name":"Melitta","query":{"query":{"value":"searchQuery=:relevance:manufacturerNameFacet:Melitta","__typename":"InternalPageQuery"},"__typename":"PageQuery"},"selected":false,"__typename":"FacetValue"},{"code":"Men Expert","count":9,"name":"Men Expert","query":{"query":{"value":"searchQuery=:relevance:manufacturerNameFacet:Men+Expert","__typename":"InternalPageQuery"},"__typename":"PageQuery"},"selected":false,"__typename":"FacetValue"},{"code":"Mentos","count":24,"name":"Mentos","query":{"query":{"value":"searchQuery=:relevance:manufacturerNameFacet:Mentos","__typename":"InternalPageQuery"},"__typename":"PageQuery"},"selected":false,"__typename":"FacetValue"},{"code":"Mercurochrome","count":13,"name":"Mercurochrome","query":{"query":{"value":"searchQuery=:relevance:manufacturerNameFacet:Mercurochrome","__typename":"InternalPageQuery"},"__typename":"PageQuery"},"selected":false,"__typename":"FacetValue"},{"code":"Meurisse","count":12,"name":"Meurisse","query":{"query":{"value":"searchQuery=:relevance:manufacturerNameFacet:Meurisse","__typename":"InternalPageQuery"},"__typename":"PageQuery"},"selected":false,"__typename":"FacetValue"},{"code":"Mevgal","count":6,"name":"Mevgal","query":{"query":{"value":"searchQuery=:relevance:manufacturerNameFacet:Mevgal","__typename":"InternalPageQuery"},"__typename":"PageQuery"},"selected":false,"__typename":"FacetValue"},{"code":"Michel et Augustin","count":11,"name":"Michel et Augustin","query":{"query":{"value":"searchQuery=:relevance:manufacturerNameFacet:Michel+et+Augustin","__typename":"InternalPageQuery"},"__typename":"PageQuery"},"selected":false,"__typename":"FacetValue"},{"code":"Miel l'Apiculteur","count":7,"name":"Miel l'Apiculteur","query":{"query":{"value":"searchQuery=:relevance:manufacturerNameFacet:Miel+l%26%23x27%3BApiculteur","__typename":"InternalPageQuery"},"__typename":"PageQuery"},"selected":false,"__typename":"FacetValue"},{"code":"Milka","count":31,"name":"Milka","query":{"query":{"value":"searchQuery=:relevance:manufacturerNameFacet:Milka","__typename":"InternalPageQuery"},"__typename":"PageQuery"},"selected":false,"__typename":"FacetValue"},{"code":"Minute Maid","count":12,"name":"Minute Maid","query":{"query":{"value":"searchQuery=:relevance:manufacturerNameFacet:Minute+Maid","__typename":"InternalPageQuery"},"__typename":"PageQuery"},"selected":false,"__typename":"FacetValue"},{"code":"Mionetto","count":11,"name":"Mionetto","query":{"query":{"value":"searchQuery=:relevance:manufacturerNameFacet:Mionetto","__typename":"InternalPageQuery"},"__typename":"PageQuery"},"selected":false,"__typename":"FacetValue"},{"code":"Miracoli","count":13,"name":"Miracoli","query":{"query":{"value":"searchQuery=:relevance:manufacturerNameFacet:Miracoli","__typename":"InternalPageQuery"},"__typename":"PageQuery"},"selected":false,"__typename":"FacetValue"},{"code":"Monster","count":8,"name":"Monster","query":{"query":{"value":"searchQuery=:relevance:manufacturerNameFacet:Monster","__typename":"InternalPageQuery"},"__typename":"PageQuery"},"selected":false,"__typename":"FacetValue"},{"code":"Moonpop","count":6,"name":"Moonpop","query":{"query":{"value":"searchQuery=:relevance:manufacturerNameFacet:Moonpop","__typename":"InternalPageQuery"},"__typename":"PageQuery"},"selected":false,"__typename":"FacetValue"},{"code":"Mora","count":27,"name":"Mora","query":{"query":{"value":"searchQuery=:relevance:manufacturerNameFacet:Mora","__typename":"InternalPageQuery"},"__typename":"PageQuery"},"selected":false,"__typename":"FacetValue"},{"code":"Mr Propre","count":13,"name":"Mr Propre","query":{"query":{"value":"searchQuery=:relevance:manufacturerNameFacet:Mr+Propre","__typename":"InternalPageQuery"},"__typename":"PageQuery"},"selected":false,"__typename":"FacetValue"},{"code":"Mutti","count":8,"name":"Mutti","query":{"query":{"value":"searchQuery=:relevance:manufacturerNameFacet:Mutti","__typename":"InternalPageQuery"},"__typename":"PageQuery"},"selected":false,"__typename":"FacetValue"},{"code":"N.A.E.","count":19,"name":"N.A.E.","query":{"query":{"value":"searchQuery=:relevance:manufacturerNameFacet:N.A.E.","__typename":"InternalPageQuery"},"__typename":"PageQuery"},"selected":false,"__typename":"FacetValue"},{"code":"Nalu","count":6,"name":"Nalu","query":{"query":{"value":"searchQuery=:relevance:manufacturerNameFacet:Nalu","__typename":"InternalPageQuery"},"__typename":"PageQuery"},"selected":false,"__typename":"FacetValue"},{"code":"Nalys","count":11,"name":"Nalys","query":{"query":{"value":"searchQuery=:relevance:manufacturerNameFacet:Nalys","__typename":"InternalPageQuery"},"__typename":"PageQuery"},"selected":false,"__typename":"FacetValue"},{"code":"Natura","count":6,"name":"Natura","query":{"query":{"value":"searchQuery=:relevance:manufacturerNameFacet:Natura","__typename":"InternalPageQuery"},"__typename":"PageQuery"},"selected":false,"__typename":"FacetValue"},{"code":"Nature Box","count":12,"name":"Nature Box","query":{"query":{"value":"searchQuery=:relevance:manufacturerNameFacet:Nature+Box","__typename":"InternalPageQuery"},"__typename":"PageQuery"},"selected":false,"__typename":"FacetValue"},{"code":"Nescafé","count":68,"name":"Nescafé","query":{"query":{"value":"searchQuery=:relevance:manufacturerNameFacet:Nescaf%C3%A9","__typename":"InternalPageQuery"},"__typename":"PageQuery"},"selected":false,"__typename":"FacetValue"},{"code":"Nestlé","count":67,"name":"Nestlé","query":{"query":{"value":"searchQuery=:relevance:manufacturerNameFacet:Nestl%C3%A9","__typename":"InternalPageQuery"},"__typename":"PageQuery"},"selected":false,"__typename":"FacetValue"},{"code":"Neutrogena","count":16,"name":"Neutrogena","query":{"query":{"value":"searchQuery=:relevance:manufacturerNameFacet:Neutrogena","__typename":"InternalPageQuery"},"__typename":"PageQuery"},"selected":false,"__typename":"FacetValue"},{"code":"NewTree","count":7,"name":"NewTree","query":{"query":{"value":"searchQuery=:relevance:manufacturerNameFacet:NewTree","__typename":"InternalPageQuery"},"__typename":"PageQuery"},"selected":false,"__typename":"FacetValue"},{"code":"Niamh","count":8,"name":"Niamh","query":{"query":{"value":"searchQuery=:relevance:manufacturerNameFacet:Niamh","__typename":"InternalPageQuery"},"__typename":"PageQuery"},"selected":false,"__typename":"FacetValue"},{"code":"Nivea","count":222,"name":"Nivea","query":{"query":{"value":"searchQuery=:relevance:manufacturerNameFacet:Nivea","__typename":"InternalPageQuery"},"__typename":"PageQuery"},"selected":false,"__typename":"FacetValue"},{"code":"Nocciolata","count":7,"name":"Nocciolata","query":{"query":{"value":"searchQuery=:relevance:manufacturerNameFacet:Nocciolata","__typename":"InternalPageQuery"},"__typename":"PageQuery"},"selected":false,"__typename":"FacetValue"},{"code":"Nurishh","count":9,"name":"Nurishh","query":{"query":{"value":"searchQuery=:relevance:manufacturerNameFacet:Nurishh","__typename":"InternalPageQuery"},"__typename":"PageQuery"},"selected":false,"__typename":"FacetValue"},{"code":"Nutella","count":8,"name":"Nutella","query":{"query":{"value":"searchQuery=:relevance:manufacturerNameFacet:Nutella","__typename":"InternalPageQuery"},"__typename":"PageQuery"},"selected":false,"__typename":"FacetValue"},{"code":"Nutrilon","count":9,"name":"Nutrilon","query":{"query":{"value":"searchQuery=:relevance:manufacturerNameFacet:Nutrilon","__typename":"InternalPageQuery"},"__typename":"PageQuery"},"selected":false,"__typename":"FacetValue"},{"code":"Nàkd","count":6,"name":"Nàkd","query":{"query":{"value":"searchQuery=:relevance:manufacturerNameFacet:N%C3%A0kd","__typename":"InternalPageQuery"},"__typename":"PageQuery"},"selected":false,"__typename":"FacetValue"},{"code":"O.B.","count":9,"name":"O.B.","query":{"query":{"value":"searchQuery=:relevance:manufacturerNameFacet:O.B.","__typename":"InternalPageQuery"},"__typename":"PageQuery"},"selected":false,"__typename":"FacetValue"},{"code":"Oasis","count":17,"name":"Oasis","query":{"query":{"value":"searchQuery=:relevance:manufacturerNameFacet:Oasis","__typename":"InternalPageQuery"},"__typename":"PageQuery"},"selected":false,"__typename":"FacetValue"},{"code":"Ocean Spray","count":6,"name":"Ocean Spray","query":{"query":{"value":"searchQuery=:relevance:manufacturerNameFacet:Ocean+Spray","__typename":"InternalPageQuery"},"__typename":"PageQuery"},"selected":false,"__typename":"FacetValue"},{"code":"Offley","count":7,"name":"Offley","query":{"query":{"value":"searchQuery=:relevance:manufacturerNameFacet:Offley","__typename":"InternalPageQuery"},"__typename":"PageQuery"},"selected":false,"__typename":"FacetValue"},{"code":"Oikos","count":17,"name":"Oikos","query":{"query":{"value":"searchQuery=:relevance:manufacturerNameFacet:Oikos","__typename":"InternalPageQuery"},"__typename":"PageQuery"},"selected":false,"__typename":"FacetValue"},{"code":"Okay","count":8,"name":"Okay","query":{"query":{"value":"searchQuery=:relevance:manufacturerNameFacet:Okay","__typename":"InternalPageQuery"},"__typename":"PageQuery"},"selected":false,"__typename":"FacetValue"},{"code":"Ola","count":17,"name":"Ola","query":{"query":{"value":"searchQuery=:relevance:manufacturerNameFacet:Ola","__typename":"InternalPageQuery"},"__typename":"PageQuery"},"selected":false,"__typename":"FacetValue"},{"code":"Old El Paso","count":13,"name":"Old El Paso","query":{"query":{"value":"searchQuery=:relevance:manufacturerNameFacet:Old+El+Paso","__typename":"InternalPageQuery"},"__typename":"PageQuery"},"selected":false,"__typename":"FacetValue"},{"code":"Olvarit","count":42,"name":"Olvarit","query":{"query":{"value":"searchQuery=:relevance:manufacturerNameFacet:Olvarit","__typename":"InternalPageQuery"},"__typename":"PageQuery"},"selected":false,"__typename":"FacetValue"},{"code":"Omino Bianco","count":7,"name":"Omino Bianco","query":{"query":{"value":"searchQuery=:relevance:manufacturerNameFacet:Omino+Bianco","__typename":"InternalPageQuery"},"__typename":"PageQuery"},"selected":false,"__typename":"FacetValue"},{"code":"Oral-B","count":50,"name":"Oral-B","query":{"query":{"value":"searchQuery=:relevance:manufacturerNameFacet:Oral-B","__typename":"InternalPageQuery"},"__typename":"PageQuery"},"selected":false,"__typename":"FacetValue"},{"code":"Orangina","count":6,"name":"Orangina","query":{"query":{"value":"searchQuery=:relevance:manufacturerNameFacet:Orangina","__typename":"InternalPageQuery"},"__typename":"PageQuery"},"selected":false,"__typename":"FacetValue"},{"code":"Oreo","count":10,"name":"Oreo","query":{"query":{"value":"searchQuery=:relevance:manufacturerNameFacet:Oreo","__typename":"InternalPageQuery"},"__typename":"PageQuery"},"selected":false,"__typename":"FacetValue"},{"code":"Organix","count":18,"name":"Organix","query":{"query":{"value":"searchQuery=:relevance:manufacturerNameFacet:Organix","__typename":"InternalPageQuery"},"__typename":"PageQuery"},"selected":false,"__typename":"FacetValue"},{"code":"Oxfam","count":9,"name":"Oxfam","query":{"query":{"value":"searchQuery=:relevance:manufacturerNameFacet:Oxfam","__typename":"InternalPageQuery"},"__typename":"PageQuery"},"selected":false,"__typename":"FacetValue"},{"code":"Palmolive","count":22,"name":"Palmolive","query":{"query":{"value":"searchQuery=:relevance:manufacturerNameFacet:Palmolive","__typename":"InternalPageQuery"},"__typename":"PageQuery"},"selected":false,"__typename":"FacetValue"},{"code":"Pampers","count":25,"name":"Pampers","query":{"query":{"value":"searchQuery=:relevance:manufacturerNameFacet:Pampers","__typename":"InternalPageQuery"},"__typename":"PageQuery"},"selected":false,"__typename":"FacetValue"},{"code":"Pantène","count":23,"name":"Pantène","query":{"query":{"value":"searchQuery=:relevance:manufacturerNameFacet:Pant%C3%A8ne","__typename":"InternalPageQuery"},"__typename":"PageQuery"},"selected":false,"__typename":"FacetValue"},{"code":"Panzani","count":10,"name":"Panzani","query":{"query":{"value":"searchQuery=:relevance:manufacturerNameFacet:Panzani","__typename":"InternalPageQuery"},"__typename":"PageQuery"},"selected":false,"__typename":"FacetValue"},{"code":"Patak's","count":15,"name":"Patak's","query":{"query":{"value":"searchQuery=:relevance:manufacturerNameFacet:Patak%26%23x27%3Bs","__typename":"InternalPageQuery"},"__typename":"PageQuery"},"selected":false,"__typename":"FacetValue"},{"code":"Paysan Breton","count":8,"name":"Paysan Breton","query":{"query":{"value":"searchQuery=:relevance:manufacturerNameFacet:Paysan+Breton","__typename":"InternalPageQuery"},"__typename":"PageQuery"},"selected":false,"__typename":"FacetValue"},{"code":"Pedigree","count":38,"name":"Pedigree","query":{"query":{"value":"searchQuery=:relevance:manufacturerNameFacet:Pedigree","__typename":"InternalPageQuery"},"__typename":"PageQuery"},"selected":false,"__typename":"FacetValue"},{"code":"Pepsi","count":11,"name":"Pepsi","query":{"query":{"value":"searchQuery=:relevance:manufacturerNameFacet:Pepsi","__typename":"InternalPageQuery"},"__typename":"PageQuery"},"selected":false,"__typename":"FacetValue"},{"code":"Perfect Fit","count":13,"name":"Perfect Fit","query":{"query":{"value":"searchQuery=:relevance:manufacturerNameFacet:Perfect+Fit","__typename":"InternalPageQuery"},"__typename":"PageQuery"},"selected":false,"__typename":"FacetValue"},{"code":"Perrier","count":6,"name":"Perrier","query":{"query":{"value":"searchQuery=:relevance:manufacturerNameFacet:Perrier","__typename":"InternalPageQuery"},"__typename":"PageQuery"},"selected":false,"__typename":"FacetValue"},{"code":"Persil","count":14,"name":"Persil","query":{"query":{"value":"searchQuery=:relevance:manufacturerNameFacet:Persil","__typename":"InternalPageQuery"},"__typename":"PageQuery"},"selected":false,"__typename":"FacetValue"},{"code":"Philadelphia","count":7,"name":"Philadelphia","query":{"query":{"value":"searchQuery=:relevance:manufacturerNameFacet:Philadelphia","__typename":"InternalPageQuery"},"__typename":"PageQuery"},"selected":false,"__typename":"FacetValue"},{"code":"Portugal","count":11,"name":"Portugal","query":{"query":{"value":"searchQuery=:relevance:manufacturerNameFacet:Portugal","__typename":"InternalPageQuery"},"__typename":"PageQuery"},"selected":false,"__typename":"FacetValue"},{"code":"Pringles","count":15,"name":"Pringles","query":{"query":{"value":"searchQuery=:relevance:manufacturerNameFacet:Pringles","__typename":"InternalPageQuery"},"__typename":"PageQuery"},"selected":false,"__typename":"FacetValue"},{"code":"Prisma","count":7,"name":"Prisma","query":{"query":{"value":"searchQuery=:relevance:manufacturerNameFacet:Prisma","__typename":"InternalPageQuery"},"__typename":"PageQuery"},"selected":false,"__typename":"FacetValue"},{"code":"Pritt","count":10,"name":"Pritt","query":{"query":{"value":"searchQuery=:relevance:manufacturerNameFacet:Pritt","__typename":"InternalPageQuery"},"__typename":"PageQuery"},"selected":false,"__typename":"FacetValue"},{"code":"Président","count":18,"name":"Président","query":{"query":{"value":"searchQuery=:relevance:manufacturerNameFacet:Pr%C3%A9sident","__typename":"InternalPageQuery"},"__typename":"PageQuery"},"selected":false,"__typename":"FacetValue"},{"code":"Pukka","count":16,"name":"Pukka","query":{"query":{"value":"searchQuery=:relevance:manufacturerNameFacet:Pukka","__typename":"InternalPageQuery"},"__typename":"PageQuery"},"selected":false,"__typename":"FacetValue"},{"code":"Pur Natur","count":32,"name":"Pur Natur","query":{"query":{"value":"searchQuery=:relevance:manufacturerNameFacet:Pur+Natur","__typename":"InternalPageQuery"},"__typename":"PageQuery"},"selected":false,"__typename":"FacetValue"},{"code":"Pure Via","count":6,"name":"Pure Via","query":{"query":{"value":"searchQuery=:relevance:manufacturerNameFacet:Pure+Via","__typename":"InternalPageQuery"},"__typename":"PageQuery"},"selected":false,"__typename":"FacetValue"},{"code":"Purina ONE","count":20,"name":"Purina ONE","query":{"query":{"value":"searchQuery=:relevance:manufacturerNameFacet:Purina+ONE","__typename":"InternalPageQuery"},"__typename":"PageQuery"},"selected":false,"__typename":"FacetValue"},{"code":"Quaker","count":14,"name":"Quaker","query":{"query":{"value":"searchQuery=:relevance:manufacturerNameFacet:Quaker","__typename":"InternalPageQuery"},"__typename":"PageQuery"},"selected":false,"__typename":"FacetValue"},{"code":"Red Bull","count":12,"name":"Red Bull","query":{"query":{"value":"searchQuery=:relevance:manufacturerNameFacet:Red+Bull","__typename":"InternalPageQuery"},"__typename":"PageQuery"},"selected":false,"__typename":"FacetValue"},{"code":"Renova","count":6,"name":"Renova","query":{"query":{"value":"searchQuery=:relevance:manufacturerNameFacet:Renova","__typename":"InternalPageQuery"},"__typename":"PageQuery"},"selected":false,"__typename":"FacetValue"},{"code":"Rexona","count":18,"name":"Rexona","query":{"query":{"value":"searchQuery=:relevance:manufacturerNameFacet:Rexona","__typename":"InternalPageQuery"},"__typename":"PageQuery"},"selected":false,"__typename":"FacetValue"},{"code":"Ricola","count":13,"name":"Ricola","query":{"query":{"value":"searchQuery=:relevance:manufacturerNameFacet:Ricola","__typename":"InternalPageQuery"},"__typename":"PageQuery"},"selected":false,"__typename":"FacetValue"},{"code":"Riem","count":7,"name":"Riem","query":{"query":{"value":"searchQuery=:relevance:manufacturerNameFacet:Riem","__typename":"InternalPageQuery"},"__typename":"PageQuery"},"selected":false,"__typename":"FacetValue"},{"code":"Rio Mare","count":23,"name":"Rio Mare","query":{"query":{"value":"searchQuery=:relevance:manufacturerNameFacet:Rio+Mare","__typename":"InternalPageQuery"},"__typename":"PageQuery"},"selected":false,"__typename":"FacetValue"},{"code":"Robijn","count":10,"name":"Robijn","query":{"query":{"value":"searchQuery=:relevance:manufacturerNameFacet:Robijn","__typename":"InternalPageQuery"},"__typename":"PageQuery"},"selected":false,"__typename":"FacetValue"},{"code":"Rombouts","count":13,"name":"Rombouts","query":{"query":{"value":"searchQuery=:relevance:manufacturerNameFacet:Rombouts","__typename":"InternalPageQuery"},"__typename":"PageQuery"},"selected":false,"__typename":"FacetValue"},{"code":"Rosa Dell Angelo","count":10,"name":"Rosa Dell Angelo","query":{"query":{"value":"searchQuery=:relevance:manufacturerNameFacet:Rosa+Dell+Angelo","__typename":"InternalPageQuery"},"__typename":"PageQuery"},"selected":false,"__typename":"FacetValue"},{"code":"Royco","count":18,"name":"Royco","query":{"query":{"value":"searchQuery=:relevance:manufacturerNameFacet:Royco","__typename":"InternalPageQuery"},"__typename":"PageQuery"},"selected":false,"__typename":"FacetValue"},{"code":"Saclà","count":7,"name":"Saclà","query":{"query":{"value":"searchQuery=:relevance:manufacturerNameFacet:Sacl%C3%A0","__typename":"InternalPageQuery"},"__typename":"PageQuery"},"selected":false,"__typename":"FacetValue"},{"code":"Saitaku","count":20,"name":"Saitaku","query":{"query":{"value":"searchQuery=:relevance:manufacturerNameFacet:Saitaku","__typename":"InternalPageQuery"},"__typename":"PageQuery"},"selected":false,"__typename":"FacetValue"},{"code":"San Pellegrino","count":15,"name":"San Pellegrino","query":{"query":{"value":"searchQuery=:relevance:manufacturerNameFacet:San+Pellegrino","__typename":"InternalPageQuery"},"__typename":"PageQuery"},"selected":false,"__typename":"FacetValue"},{"code":"Sanex","count":51,"name":"Sanex","query":{"query":{"value":"searchQuery=:relevance:manufacturerNameFacet:Sanex","__typename":"InternalPageQuery"},"__typename":"PageQuery"},"selected":false,"__typename":"FacetValue"},{"code":"Santa Maria","count":161,"name":"Santa Maria","query":{"query":{"value":"searchQuery=:relevance:manufacturerNameFacet:Santa+Maria","__typename":"InternalPageQuery"},"__typename":"PageQuery"},"selected":false,"__typename":"FacetValue"},{"code":"Sanytol","count":6,"name":"Sanytol","query":{"query":{"value":"searchQuery=:relevance:manufacturerNameFacet:Sanytol","__typename":"InternalPageQuery"},"__typename":"PageQuery"},"selected":false,"__typename":"FacetValue"},{"code":"Scholl","count":21,"name":"Scholl","query":{"query":{"value":"searchQuery=:relevance:manufacturerNameFacet:Scholl","__typename":"InternalPageQuery"},"__typename":"PageQuery"},"selected":false,"__typename":"FacetValue"},{"code":"Schwarzkopf","count":24,"name":"Schwarzkopf","query":{"query":{"value":"searchQuery=:relevance:manufacturerNameFacet:Schwarzkopf","__typename":"InternalPageQuery"},"__typename":"PageQuery"},"selected":false,"__typename":"FacetValue"},{"code":"Schweppes","count":36,"name":"Schweppes","query":{"query":{"value":"searchQuery=:relevance:manufacturerNameFacet:Schweppes","__typename":"InternalPageQuery"},"__typename":"PageQuery"},"selected":false,"__typename":"FacetValue"},{"code":"Schär","count":27,"name":"Schär","query":{"query":{"value":"searchQuery=:relevance:manufacturerNameFacet:Sch%C3%A4r","__typename":"InternalPageQuery"},"__typename":"PageQuery"},"selected":false,"__typename":"FacetValue"},{"code":"Scottex","count":7,"name":"Scottex","query":{"query":{"value":"searchQuery=:relevance:manufacturerNameFacet:Scottex","__typename":"InternalPageQuery"},"__typename":"PageQuery"},"selected":false,"__typename":"FacetValue"},{"code":"Senseo","count":13,"name":"Senseo","query":{"query":{"value":"searchQuery=:relevance:manufacturerNameFacet:Senseo","__typename":"InternalPageQuery"},"__typename":"PageQuery"},"selected":false,"__typename":"FacetValue"},{"code":"Sensodyne","count":20,"name":"Sensodyne","query":{"query":{"value":"searchQuery=:relevance:manufacturerNameFacet:Sensodyne","__typename":"InternalPageQuery"},"__typename":"PageQuery"},"selected":false,"__typename":"FacetValue"},{"code":"Sheba","count":40,"name":"Sheba","query":{"query":{"value":"searchQuery=:relevance:manufacturerNameFacet:Sheba","__typename":"InternalPageQuery"},"__typename":"PageQuery"},"selected":false,"__typename":"FacetValue"},{"code":"Signal","count":22,"name":"Signal","query":{"query":{"value":"searchQuery=:relevance:manufacturerNameFacet:Signal","__typename":"InternalPageQuery"},"__typename":"PageQuery"},"selected":false,"__typename":"FacetValue"},{"code":"Silan","count":15,"name":"Silan","query":{"query":{"value":"searchQuery=:relevance:manufacturerNameFacet:Silan","__typename":"InternalPageQuery"},"__typename":"PageQuery"},"selected":false,"__typename":"FacetValue"},{"code":"Sistema","count":12,"name":"Sistema","query":{"query":{"value":"searchQuery=:relevance:manufacturerNameFacet:Sistema","__typename":"InternalPageQuery"},"__typename":"PageQuery"},"selected":false,"__typename":"FacetValue"},{"code":"Smaakt","count":6,"name":"Smaakt","query":{"query":{"value":"searchQuery=:relevance:manufacturerNameFacet:Smaakt","__typename":"InternalPageQuery"},"__typename":"PageQuery"},"selected":false,"__typename":"FacetValue"},{"code":"So Fine","count":7,"name":"So Fine","query":{"query":{"value":"searchQuery=:relevance:manufacturerNameFacet:So+Fine","__typename":"InternalPageQuery"},"__typename":"PageQuery"},"selected":false,"__typename":"FacetValue"},{"code":"So Thai","count":12,"name":"So Thai","query":{"query":{"value":"searchQuery=:relevance:manufacturerNameFacet:So+Thai","__typename":"InternalPageQuery"},"__typename":"PageQuery"},"selected":false,"__typename":"FacetValue"},{"code":"Sodastream","count":8,"name":"Sodastream","query":{"query":{"value":"searchQuery=:relevance:manufacturerNameFacet:Sodastream","__typename":"InternalPageQuery"},"__typename":"PageQuery"},"selected":false,"__typename":"FacetValue"},{"code":"Soubry","count":29,"name":"Soubry","query":{"query":{"value":"searchQuery=:relevance:manufacturerNameFacet:Soubry","__typename":"InternalPageQuery"},"__typename":"PageQuery"},"selected":false,"__typename":"FacetValue"},{"code":"Soupline","count":21,"name":"Soupline","query":{"query":{"value":"searchQuery=:relevance:manufacturerNameFacet:Soupline","__typename":"InternalPageQuery"},"__typename":"PageQuery"},"selected":false,"__typename":"FacetValue"},{"code":"Spa","count":46,"name":"Spa","query":{"query":{"value":"searchQuery=:relevance:manufacturerNameFacet:Spa","__typename":"InternalPageQuery"},"__typename":"PageQuery"},"selected":false,"__typename":"FacetValue"},{"code":"Sprite","count":9,"name":"Sprite","query":{"query":{"value":"searchQuery=:relevance:manufacturerNameFacet:Sprite","__typename":"InternalPageQuery"},"__typename":"PageQuery"},"selected":false,"__typename":"FacetValue"},{"code":"St Sever","count":7,"name":"St Sever","query":{"query":{"value":"searchQuery=:relevance:manufacturerNameFacet:St+Sever","__typename":"InternalPageQuery"},"__typename":"PageQuery"},"selected":false,"__typename":"FacetValue"},{"code":"St. Feuillien","count":6,"name":"St. Feuillien","query":{"query":{"value":"searchQuery=:relevance:manufacturerNameFacet:St.+Feuillien","__typename":"InternalPageQuery"},"__typename":"PageQuery"},"selected":false,"__typename":"FacetValue"},{"code":"Starbucks","count":39,"name":"Starbucks","query":{"query":{"value":"searchQuery=:relevance:manufacturerNameFacet:Starbucks","__typename":"InternalPageQuery"},"__typename":"PageQuery"},"selected":false,"__typename":"FacetValue"},{"code":"Stassen","count":6,"name":"Stassen","query":{"query":{"value":"searchQuery=:relevance:manufacturerNameFacet:Stassen","__typename":"InternalPageQuery"},"__typename":"PageQuery"},"selected":false,"__typename":"FacetValue"},{"code":"Stella Artois","count":8,"name":"Stella Artois","query":{"query":{"value":"searchQuery=:relevance:manufacturerNameFacet:Stella+Artois","__typename":"InternalPageQuery"},"__typename":"PageQuery"},"selected":false,"__typename":"FacetValue"},{"code":"Stimorol","count":13,"name":"Stimorol","query":{"query":{"value":"searchQuery=:relevance:manufacturerNameFacet:Stimorol","__typename":"InternalPageQuery"},"__typename":"PageQuery"},"selected":false,"__typename":"FacetValue"},{"code":"Studio Line","count":15,"name":"Studio Line","query":{"query":{"value":"searchQuery=:relevance:manufacturerNameFacet:Studio+Line","__typename":"InternalPageQuery"},"__typename":"PageQuery"},"selected":false,"__typename":"FacetValue"},{"code":"Sultana","count":6,"name":"Sultana","query":{"query":{"value":"searchQuery=:relevance:manufacturerNameFacet:Sultana","__typename":"InternalPageQuery"},"__typename":"PageQuery"},"selected":false,"__typename":"FacetValue"},{"code":"Sun","count":15,"name":"Sun","query":{"query":{"value":"searchQuery=:relevance:manufacturerNameFacet:Sun","__typename":"InternalPageQuery"},"__typename":"PageQuery"},"selected":false,"__typename":"FacetValue"},{"code":"Sunlight","count":14,"name":"Sunlight","query":{"query":{"value":"searchQuery=:relevance:manufacturerNameFacet:Sunlight","__typename":"InternalPageQuery"},"__typename":"PageQuery"},"selected":false,"__typename":"FacetValue"},{"code":"Suzi Wan","count":17,"name":"Suzi Wan","query":{"query":{"value":"searchQuery=:relevance:manufacturerNameFacet:Suzi+Wan","__typename":"InternalPageQuery"},"__typename":"PageQuery"},"selected":false,"__typename":"FacetValue"},{"code":"Sweet-Switch","count":11,"name":"Sweet-Switch","query":{"query":{"value":"searchQuery=:relevance:manufacturerNameFacet:Sweet-Switch","__typename":"InternalPageQuery"},"__typename":"PageQuery"},"selected":false,"__typename":"FacetValue"},{"code":"Swiffer","count":19,"name":"Swiffer","query":{"query":{"value":"searchQuery=:relevance:manufacturerNameFacet:Swiffer","__typename":"InternalPageQuery"},"__typename":"PageQuery"},"selected":false,"__typename":"FacetValue"},{"code":"Swirl","count":6,"name":"Swirl","query":{"query":{"value":"searchQuery=:relevance:manufacturerNameFacet:Swirl","__typename":"InternalPageQuery"},"__typename":"PageQuery"},"selected":false,"__typename":"FacetValue"},{"code":"Syoss","count":38,"name":"Syoss","query":{"query":{"value":"searchQuery=:relevance:manufacturerNameFacet:Syoss","__typename":"InternalPageQuery"},"__typename":"PageQuery"},"selected":false,"__typename":"FacetValue"},{"code":"Taft","count":8,"name":"Taft","query":{"query":{"value":"searchQuery=:relevance:manufacturerNameFacet:Taft","__typename":"InternalPageQuery"},"__typename":"PageQuery"},"selected":false,"__typename":"FacetValue"},{"code":"Tahiti","count":15,"name":"Tahiti","query":{"query":{"value":"searchQuery=:relevance:manufacturerNameFacet:Tahiti","__typename":"InternalPageQuery"},"__typename":"PageQuery"},"selected":false,"__typename":"FacetValue"},{"code":"Tampax","count":11,"name":"Tampax","query":{"query":{"value":"searchQuery=:relevance:manufacturerNameFacet:Tampax","__typename":"InternalPageQuery"},"__typename":"PageQuery"},"selected":false,"__typename":"FacetValue"},{"code":"Tanqueray","count":8,"name":"Tanqueray","query":{"query":{"value":"searchQuery=:relevance:manufacturerNameFacet:Tanqueray","__typename":"InternalPageQuery"},"__typename":"PageQuery"},"selected":false,"__typename":"FacetValue"},{"code":"Tao","count":6,"name":"Tao","query":{"query":{"value":"searchQuery=:relevance:manufacturerNameFacet:Tao","__typename":"InternalPageQuery"},"__typename":"PageQuery"},"selected":false,"__typename":"FacetValue"},{"code":"Teisseire","count":28,"name":"Teisseire","query":{"query":{"value":"searchQuery=:relevance:manufacturerNameFacet:Teisseire","__typename":"InternalPageQuery"},"__typename":"PageQuery"},"selected":false,"__typename":"FacetValue"},{"code":"Tena","count":24,"name":"Tena","query":{"query":{"value":"searchQuery=:relevance:manufacturerNameFacet:Tena","__typename":"InternalPageQuery"},"__typename":"PageQuery"},"selected":false,"__typename":"FacetValue"},{"code":"Theramed","count":7,"name":"Theramed","query":{"query":{"value":"searchQuery=:relevance:manufacturerNameFacet:Theramed","__typename":"InternalPageQuery"},"__typename":"PageQuery"},"selected":false,"__typename":"FacetValue"},{"code":"Tienen-Tirlemont","count":16,"name":"Tienen-Tirlemont","query":{"query":{"value":"searchQuery=:relevance:manufacturerNameFacet:Tienen-Tirlemont","__typename":"InternalPageQuery"},"__typename":"PageQuery"},"selected":false,"__typename":"FacetValue"},{"code":"Tony's Chocolonely","count":7,"name":"Tony's Chocolonely","query":{"query":{"value":"searchQuery=:relevance:manufacturerNameFacet:Tony%26%23x27%3Bs+Chocolonely","__typename":"InternalPageQuery"},"__typename":"PageQuery"},"selected":false,"__typename":"FacetValue"},{"code":"Toppits","count":12,"name":"Toppits","query":{"query":{"value":"searchQuery=:relevance:manufacturerNameFacet:Toppits","__typename":"InternalPageQuery"},"__typename":"PageQuery"},"selected":false,"__typename":"FacetValue"},{"code":"Tropicana","count":11,"name":"Tropicana","query":{"query":{"value":"searchQuery=:relevance:manufacturerNameFacet:Tropicana","__typename":"InternalPageQuery"},"__typename":"PageQuery"},"selected":false,"__typename":"FacetValue"},{"code":"Tupperware","count":15,"name":"Tupperware","query":{"query":{"value":"searchQuery=:relevance:manufacturerNameFacet:Tupperware","__typename":"InternalPageQuery"},"__typename":"PageQuery"},"selected":false,"__typename":"FacetValue"},{"code":"Twinings","count":14,"name":"Twinings","query":{"query":{"value":"searchQuery=:relevance:manufacturerNameFacet:Twinings","__typename":"InternalPageQuery"},"__typename":"PageQuery"},"selected":false,"__typename":"FacetValue"},{"code":"Tönissteiner","count":7,"name":"Tönissteiner","query":{"query":{"value":"searchQuery=:relevance:manufacturerNameFacet:T%C3%B6nissteiner","__typename":"InternalPageQuery"},"__typename":"PageQuery"},"selected":false,"__typename":"FacetValue"},{"code":"Ultra Doux","count":43,"name":"Ultra Doux","query":{"query":{"value":"searchQuery=:relevance:manufacturerNameFacet:Ultra+Doux","__typename":"InternalPageQuery"},"__typename":"PageQuery"},"selected":false,"__typename":"FacetValue"},{"code":"Upignac","count":11,"name":"Upignac","query":{"query":{"value":"searchQuery=:relevance:manufacturerNameFacet:Upignac","__typename":"InternalPageQuery"},"__typename":"PageQuery"},"selected":false,"__typename":"FacetValue"},{"code":"USA","count":15,"name":"USA","query":{"query":{"value":"searchQuery=:relevance:manufacturerNameFacet:USA","__typename":"InternalPageQuery"},"__typename":"PageQuery"},"selected":false,"__typename":"FacetValue"},{"code":"Vache Bleue","count":7,"name":"Vache Bleue","query":{"query":{"value":"searchQuery=:relevance:manufacturerNameFacet:Vache+Bleue","__typename":"InternalPageQuery"},"__typename":"PageQuery"},"selected":false,"__typename":"FacetValue"},{"code":"Vahiné","count":27,"name":"Vahiné","query":{"query":{"value":"searchQuery=:relevance:manufacturerNameFacet:Vahin%C3%A9","__typename":"InternalPageQuery"},"__typename":"PageQuery"},"selected":false,"__typename":"FacetValue"},{"code":"Val Dieu","count":7,"name":"Val Dieu","query":{"query":{"value":"searchQuery=:relevance:manufacturerNameFacet:Val+Dieu","__typename":"InternalPageQuery"},"__typename":"PageQuery"},"selected":false,"__typename":"FacetValue"},{"code":"Vandemoortele","count":33,"name":"Vandemoortele","query":{"query":{"value":"searchQuery=:relevance:manufacturerNameFacet:Vandemoortele","__typename":"InternalPageQuery"},"__typename":"PageQuery"},"selected":false,"__typename":"FacetValue"},{"code":"Vanish","count":16,"name":"Vanish","query":{"query":{"value":"searchQuery=:relevance:manufacturerNameFacet:Vanish","__typename":"InternalPageQuery"},"__typename":"PageQuery"},"selected":false,"__typename":"FacetValue"},{"code":"Vapona","count":9,"name":"Vapona","query":{"query":{"value":"searchQuery=:relevance:manufacturerNameFacet:Vapona","__typename":"InternalPageQuery"},"__typename":"PageQuery"},"selected":false,"__typename":"FacetValue"},{"code":"Veet","count":21,"name":"Veet","query":{"query":{"value":"searchQuery=:relevance:manufacturerNameFacet:Veet","__typename":"InternalPageQuery"},"__typename":"PageQuery"},"selected":false,"__typename":"FacetValue"},{"code":"Vicks","count":7,"name":"Vicks","query":{"query":{"value":"searchQuery=:relevance:manufacturerNameFacet:Vicks","__typename":"InternalPageQuery"},"__typename":"PageQuery"},"selected":false,"__typename":"FacetValue"},{"code":"Vileda","count":16,"name":"Vileda","query":{"query":{"value":"searchQuery=:relevance:manufacturerNameFacet:Vileda","__typename":"InternalPageQuery"},"__typename":"PageQuery"},"selected":false,"__typename":"FacetValue"},{"code":"Vita Coco","count":6,"name":"Vita Coco","query":{"query":{"value":"searchQuery=:relevance:manufacturerNameFacet:Vita+Coco","__typename":"InternalPageQuery"},"__typename":"PageQuery"},"selected":false,"__typename":"FacetValue"},{"code":"Vitakraft","count":27,"name":"Vitakraft","query":{"query":{"value":"searchQuery=:relevance:manufacturerNameFacet:Vitakraft","__typename":"InternalPageQuery"},"__typename":"PageQuery"},"selected":false,"__typename":"FacetValue"},{"code":"Vitalinea","count":9,"name":"Vitalinea","query":{"query":{"value":"searchQuery=:relevance:manufacturerNameFacet:Vitalinea","__typename":"InternalPageQuery"},"__typename":"PageQuery"},"selected":false,"__typename":"FacetValue"},{"code":"Vitamin Well","count":6,"name":"Vitamin Well","query":{"query":{"value":"searchQuery=:relevance:manufacturerNameFacet:Vitamin+Well","__typename":"InternalPageQuery"},"__typename":"PageQuery"},"selected":false,"__typename":"FacetValue"},{"code":"Vranken","count":18,"name":"Vranken","query":{"query":{"value":"searchQuery=:relevance:manufacturerNameFacet:Vranken","__typename":"InternalPageQuery"},"__typename":"PageQuery"},"selected":false,"__typename":"FacetValue"},{"code":"Wasa","count":8,"name":"Wasa","query":{"query":{"value":"searchQuery=:relevance:manufacturerNameFacet:Wasa","__typename":"InternalPageQuery"},"__typename":"PageQuery"},"selected":false,"__typename":"FacetValue"},{"code":"Wash Wash Cousin","count":15,"name":"Wash Wash Cousin","query":{"query":{"value":"searchQuery=:relevance:manufacturerNameFacet:Wash+Wash+Cousin","__typename":"InternalPageQuery"},"__typename":"PageQuery"},"selected":false,"__typename":"FacetValue"},{"code":"WC Net","count":14,"name":"WC Net","query":{"query":{"value":"searchQuery=:relevance:manufacturerNameFacet:WC+Net","__typename":"InternalPageQuery"},"__typename":"PageQuery"},"selected":false,"__typename":"FacetValue"},{"code":"Weleda","count":42,"name":"Weleda","query":{"query":{"value":"searchQuery=:relevance:manufacturerNameFacet:Weleda","__typename":"InternalPageQuery"},"__typename":"PageQuery"},"selected":false,"__typename":"FacetValue"},{"code":"Westmalle","count":6,"name":"Westmalle","query":{"query":{"value":"searchQuery=:relevance:manufacturerNameFacet:Westmalle","__typename":"InternalPageQuery"},"__typename":"PageQuery"},"selected":false,"__typename":"FacetValue"},{"code":"Whiskas","count":26,"name":"Whiskas","query":{"query":{"value":"searchQuery=:relevance:manufacturerNameFacet:Whiskas","__typename":"InternalPageQuery"},"__typename":"PageQuery"},"selected":false,"__typename":"FacetValue"},{"code":"Wilkinson","count":18,"name":"Wilkinson","query":{"query":{"value":"searchQuery=:relevance:manufacturerNameFacet:Wilkinson","__typename":"InternalPageQuery"},"__typename":"PageQuery"},"selected":false,"__typename":"FacetValue"},{"code":"William Saurin","count":9,"name":"William Saurin","query":{"query":{"value":"searchQuery=:relevance:manufacturerNameFacet:William+Saurin","__typename":"InternalPageQuery"},"__typename":"PageQuery"},"selected":false,"__typename":"FacetValue"},{"code":"Woolite","count":6,"name":"Woolite","query":{"query":{"value":"searchQuery=:relevance:manufacturerNameFacet:Woolite","__typename":"InternalPageQuery"},"__typename":"PageQuery"},"selected":false,"__typename":"FacetValue"},{"code":"Yogolino","count":11,"name":"Yogolino","query":{"query":{"value":"searchQuery=:relevance:manufacturerNameFacet:Yogolino","__typename":"InternalPageQuery"},"__typename":"PageQuery"},"selected":false,"__typename":"FacetValue"},{"code":"Yolloh","count":10,"name":"Yolloh","query":{"query":{"value":"searchQuery=:relevance:manufacturerNameFacet:Yolloh","__typename":"InternalPageQuery"},"__typename":"PageQuery"},"selected":false,"__typename":"FacetValue"},{"code":"Yoplait","count":11,"name":"Yoplait","query":{"query":{"value":"searchQuery=:relevance:manufacturerNameFacet:Yoplait","__typename":"InternalPageQuery"},"__typename":"PageQuery"},"selected":false,"__typename":"FacetValue"},{"code":"Zip","count":6,"name":"Zip","query":{"query":{"value":"searchQuery=:relevance:manufacturerNameFacet:Zip","__typename":"InternalPageQuery"},"__typename":"PageQuery"},"selected":false,"__typename":"FacetValue"},{"code":"Zwan","count":23,"name":"Zwan","query":{"query":{"value":"searchQuery=:relevance:manufacturerNameFacet:Zwan","__typename":"InternalPageQuery"},"__typename":"PageQuery"},"selected":false,"__typename":"FacetValue"},{"code":"Zwitsal","count":15,"name":"Zwitsal","query":{"query":{"value":"searchQuery=:relevance:manufacturerNameFacet:Zwitsal","__typename":"InternalPageQuery"},"__typename":"PageQuery"},"selected":false,"__typename":"FacetValue"}],"__typename":"Facet"},{"code":"allergyDoesNotContain","name":"Allergenen","category":false,"facetUiType":null,"values":[{"code":"Gluten","count":2528,"name":"Zonder Gluten","query":{"query":{"value":"searchQuery=:relevance:allergyDoesNotContain:Gluten","__typename":"InternalPageQuery"},"__typename":"PageQuery"},"selected":false,"__typename":"FacetValue"},{"code":"Eieren","count":2533,"name":"Zonder Eieren","query":{"query":{"value":"searchQuery=:relevance:allergyDoesNotContain:Eieren","__typename":"InternalPageQuery"},"__typename":"PageQuery"},"selected":false,"__typename":"FacetValue"},{"code":"Lupine","count":3246,"name":"Zonder Lupine","query":{"query":{"value":"searchQuery=:relevance:allergyDoesNotContain:Lupine","__typename":"InternalPageQuery"},"__typename":"PageQuery"},"selected":false,"__typename":"FacetValue"},{"code":"Melk","count":1930,"name":"Zonder Melk","query":{"query":{"value":"searchQuery=:relevance:allergyDoesNotContain:Melk","__typename":"InternalPageQuery"},"__typename":"PageQuery"},"selected":false,"__typename":"FacetValue"},{"code":"Mosterd","count":2696,"name":"Zonder Mosterd","query":{"query":{"value":"searchQuery=:relevance:allergyDoesNotContain:Mosterd","__typename":"InternalPageQuery"},"__typename":"PageQuery"},"selected":false,"__typename":"FacetValue"},{"code":"Noten","count":2733,"name":"Zonder Noten","query":{"query":{"value":"searchQuery=:relevance:allergyDoesNotContain:Noten","__typename":"InternalPageQuery"},"__typename":"PageQuery"},"selected":false,"__typename":"FacetValue"},{"code":"Pindanoten","count":3257,"name":"Zonder Pindanoten","query":{"query":{"value":"searchQuery=:relevance:allergyDoesNotContain:Pindanoten","__typename":"InternalPageQuery"},"__typename":"PageQuery"},"selected":false,"__typename":"FacetValue"},{"code":"Schaaldieren","count":3101,"name":"Zonder Schaaldieren","query":{"query":{"value":"searchQuery=:relevance:allergyDoesNotContain:Schaaldieren","__typename":"InternalPageQuery"},"__typename":"PageQuery"},"selected":false,"__typename":"FacetValue"},{"code":"Selderij","count":2774,"name":"Zonder Selderij","query":{"query":{"value":"searchQuery=:relevance:allergyDoesNotContain:Selderij","__typename":"InternalPageQuery"},"__typename":"PageQuery"},"selected":false,"__typename":"FacetValue"},{"code":"Sesamzaad","count":2929,"name":"Zonder Sesamzaad","query":{"query":{"value":"searchQuery=:relevance:allergyDoesNotContain:Sesamzaad","__typename":"InternalPageQuery"},"__typename":"PageQuery"},"selected":false,"__typename":"FacetValue"},{"code":"Soja","count":2372,"name":"Zonder Soja","query":{"query":{"value":"searchQuery=:relevance:allergyDoesNotContain:Soja","__typename":"InternalPageQuery"},"__typename":"PageQuery"},"selected":false,"__typename":"FacetValue"},{"code":"Vis","count":3012,"name":"Zonder Vis","query":{"query":{"value":"searchQuery=:relevance:allergyDoesNotContain:Vis","__typename":"InternalPageQuery"},"__typename":"PageQuery"},"selected":false,"__typename":"FacetValue"},{"code":"Weekdieren","count":3135,"name":"Zonder Weekdieren","query":{"query":{"value":"searchQuery=:relevance:allergyDoesNotContain:Weekdieren","__typename":"InternalPageQuery"},"__typename":"PageQuery"},"selected":false,"__typename":"FacetValue"},{"code":"Zwaveldioxide of sulfieten","count":3104,"name":"Zonder Zwaveldioxide of sulfieten","query":{"query":{"value":"searchQuery=:relevance:allergyDoesNotContain:Zwaveldioxide+of+sulfieten","__typename":"InternalPageQuery"},"__typename":"PageQuery"},"selected":false,"__typename":"FacetValue"}],"__typename":"Facet"},{"code":"withoutSulphites","name":"Zonder sulfiet","category":false,"facetUiType":"QUICK_FILTER","values":[{"code":"true","count":274,"name":"true","query":{"query":{"value":"searchQuery=:relevance:withoutSulphites:true","__typename":"InternalPageQuery"},"__typename":"PageQuery"},"selected":false,"__typename":"FacetValue"}],"__typename":"Facet"},{"code":"isBio","name":"Bio","category":false,"facetUiType":"QUICK_FILTER","values":[{"code":"true","count":1204,"name":"true","query":{"query":{"value":"searchQuery=:relevance:isBio:true","__typename":"InternalPageQuery"},"__typename":"PageQuery"},"selected":false,"__typename":"FacetValue"}],"__typename":"Facet"},{"code":"isWineBiodynamic","name":"Biodynamisch","category":false,"facetUiType":"QUICK_FILTER","values":[{"code":"true","count":9,"name":"true","query":{"query":{"value":"searchQuery=:relevance:isWineBiodynamic:true","__typename":"InternalPageQuery"},"__typename":"PageQuery"},"selected":false,"__typename":"FacetValue"}],"__typename":"Facet"},{"code":"NutriscoreLetter","name":"Nutriscore","category":false,"facetUiType":null,"values":[{"code":"A","count":1763,"name":"A","query":{"query":{"value":"searchQuery=:relevance:NutriscoreLetter:A","__typename":"InternalPageQuery"},"__typename":"PageQuery"},"selected":false,"__typename":"FacetValue"},{"code":"B","count":1337,"name":"B","query":{"query":{"value":"searchQuery=:relevance:NutriscoreLetter:B","__typename":"InternalPageQuery"},"__typename":"PageQuery"},"selected":false,"__typename":"FacetValue"},{"code":"C","count":1172,"name":"C","query":{"query":{"value":"searchQuery=:relevance:NutriscoreLetter:C","__typename":"InternalPageQuery"},"__typename":"PageQuery"},"selected":false,"__typename":"FacetValue"},{"code":"D","count":1627,"name":"D","query":{"query":{"value":"searchQuery=:relevance:NutriscoreLetter:D","__typename":"InternalPageQuery"},"__typename":"PageQuery"},"selected":false,"__typename":"FacetValue"},{"code":"E","count":931,"name":"E","query":{"query":{"value":"searchQuery=:relevance:NutriscoreLetter:E","__typename":"InternalPageQuery"},"__typename":"PageQuery"},"selected":false,"__typename":"FacetValue"}],"__typename":"Facet"},{"code":"wineGrape","name":"Druivenras","category":false,"facetUiType":null,"values":[{"code":"100% Chardonnay","count":33,"name":"100% Chardonnay","query":{"query":{"value":"searchQuery=:relevance:wineGrape:100%25+Chardonnay","__typename":"InternalPageQuery"},"__typename":"PageQuery"},"selected":false,"__typename":"FacetValue"},{"code":"100% Pinot Noir","count":32,"name":"100% Pinot Noir","query":{"query":{"value":"searchQuery=:relevance:wineGrape:100%25+Pinot+Noir","__typename":"InternalPageQuery"},"__typename":"PageQuery"},"selected":false,"__typename":"FacetValue"},{"code":"10% Cabernet Sauvignon","count":25,"name":"10% Cabernet Sauvignon","query":{"query":{"value":"searchQuery=:relevance:wineGrape:10%25+Cabernet+Sauvignon","__typename":"InternalPageQuery"},"__typename":"PageQuery"},"selected":false,"__typename":"FacetValue"},{"code":"100% Sauvignon Blanc","count":25,"name":"100% Sauvignon Blanc","query":{"query":{"value":"searchQuery=:relevance:wineGrape:100%25+Sauvignon+Blanc","__typename":"InternalPageQuery"},"__typename":"PageQuery"},"selected":false,"__typename":"FacetValue"},{"code":"20% Cabernet Franc","count":17,"name":"20% Cabernet Franc","query":{"query":{"value":"searchQuery=:relevance:wineGrape:20%25+Cabernet+Franc","__typename":"InternalPageQuery"},"__typename":"PageQuery"},"selected":false,"__typename":"FacetValue"},{"code":"100% Cabernet Sauvignon","count":15,"name":"100% Cabernet Sauvignon","query":{"query":{"value":"searchQuery=:relevance:wineGrape:100%25+Cabernet+Sauvignon","__typename":"InternalPageQuery"},"__typename":"PageQuery"},"selected":false,"__typename":"FacetValue"},{"code":"80% Merlot","count":15,"name":"80% Merlot","query":{"query":{"value":"searchQuery=:relevance:wineGrape:80%25+Merlot","__typename":"InternalPageQuery"},"__typename":"PageQuery"},"selected":false,"__typename":"FacetValue"},{"code":"10% Cabernet Franc","count":14,"name":"10% Cabernet Franc","query":{"query":{"value":"searchQuery=:relevance:wineGrape:10%25+Cabernet+Franc","__typename":"InternalPageQuery"},"__typename":"PageQuery"},"selected":false,"__typename":"FacetValue"},{"code":"33% Chardonnay","count":14,"name":"33% Chardonnay","query":{"query":{"value":"searchQuery=:relevance:wineGrape:33%25+Chardonnay","__typename":"InternalPageQuery"},"__typename":"PageQuery"},"selected":false,"__typename":"FacetValue"},{"code":"33% Pinot Noir","count":14,"name":"33% Pinot Noir","query":{"query":{"value":"searchQuery=:relevance:wineGrape:33%25+Pinot+Noir","__typename":"InternalPageQuery"},"__typename":"PageQuery"},"selected":false,"__typename":"FacetValue"},{"code":"5% Cabernet Franc","count":13,"name":"5% Cabernet Franc","query":{"query":{"value":"searchQuery=:relevance:wineGrape:5%25+Cabernet+Franc","__typename":"InternalPageQuery"},"__typename":"PageQuery"},"selected":false,"__typename":"FacetValue"},{"code":"50% Merlot","count":13,"name":"50% Merlot","query":{"query":{"value":"searchQuery=:relevance:wineGrape:50%25+Merlot","__typename":"InternalPageQuery"},"__typename":"PageQuery"},"selected":false,"__typename":"FacetValue"},{"code":"100% Merlot","count":12,"name":"100% Merlot","query":{"query":{"value":"searchQuery=:relevance:wineGrape:100%25+Merlot","__typename":"InternalPageQuery"},"__typename":"PageQuery"},"selected":false,"__typename":"FacetValue"},{"code":"85% Cabernet Sauvignon","count":12,"name":"85% Cabernet Sauvignon","query":{"query":{"value":"searchQuery=:relevance:wineGrape:85%25+Cabernet+Sauvignon","__typename":"InternalPageQuery"},"__typename":"PageQuery"},"selected":false,"__typename":"FacetValue"},{"code":"90% Merlot","count":12,"name":"90% Merlot","query":{"query":{"value":"searchQuery=:relevance:wineGrape:90%25+Merlot","__typename":"InternalPageQuery"},"__typename":"PageQuery"},"selected":false,"__typename":"FacetValue"},{"code":"70% Merlot","count":11,"name":"70% Merlot","query":{"query":{"value":"searchQuery=:relevance:wineGrape:70%25+Merlot","__typename":"InternalPageQuery"},"__typename":"PageQuery"},"selected":false,"__typename":"FacetValue"},{"code":"Grenache","count":11,"name":"Grenache","query":{"query":{"value":"searchQuery=:relevance:wineGrape:Grenache","__typename":"InternalPageQuery"},"__typename":"PageQuery"},"selected":false,"__typename":"FacetValue"},{"code":"Syrah","count":11,"name":"Syrah","query":{"query":{"value":"searchQuery=:relevance:wineGrape:Syrah","__typename":"InternalPageQuery"},"__typename":"PageQuery"},"selected":false,"__typename":"FacetValue"},{"code":"100% Malbec","count":10,"name":"100% Malbec","query":{"query":{"value":"searchQuery=:relevance:wineGrape:100%25+Malbec","__typename":"InternalPageQuery"},"__typename":"PageQuery"},"selected":false,"__typename":"FacetValue"},{"code":"20% Chardonnay","count":10,"name":"20% Chardonnay","query":{"query":{"value":"searchQuery=:relevance:wineGrape:20%25+Chardonnay","__typename":"InternalPageQuery"},"__typename":"PageQuery"},"selected":false,"__typename":"FacetValue"},{"code":"30% Cabernet Franc","count":10,"name":"30% Cabernet Franc","query":{"query":{"value":"searchQuery=:relevance:wineGrape:30%25+Cabernet+Franc","__typename":"InternalPageQuery"},"__typename":"PageQuery"},"selected":false,"__typename":"FacetValue"},{"code":"5% Petit Verdot","count":10,"name":"5% Petit Verdot","query":{"query":{"value":"searchQuery=:relevance:wineGrape:5%25+Petit+Verdot","__typename":"InternalPageQuery"},"__typename":"PageQuery"},"selected":false,"__typename":"FacetValue"},{"code":"100% Sangiovese","count":9,"name":"100% Sangiovese","query":{"query":{"value":"searchQuery=:relevance:wineGrape:100%25+Sangiovese","__typename":"InternalPageQuery"},"__typename":"PageQuery"},"selected":false,"__typename":"FacetValue"},{"code":"15% Cabernet Franc","count":9,"name":"15% Cabernet Franc","query":{"query":{"value":"searchQuery=:relevance:wineGrape:15%25+Cabernet+Franc","__typename":"InternalPageQuery"},"__typename":"PageQuery"},"selected":false,"__typename":"FacetValue"},{"code":"20% Cabernet Sauvignon","count":9,"name":"20% Cabernet Sauvignon","query":{"query":{"value":"searchQuery=:relevance:wineGrape:20%25+Cabernet+Sauvignon","__typename":"InternalPageQuery"},"__typename":"PageQuery"},"selected":false,"__typename":"FacetValue"},{"code":"33% Pinot Meunier","count":9,"name":"33% Pinot Meunier","query":{"query":{"value":"searchQuery=:relevance:wineGrape:33%25+Pinot+Meunier","__typename":"InternalPageQuery"},"__typename":"PageQuery"},"selected":false,"__typename":"FacetValue"},{"code":"Cabernet Sauvignon","count":9,"name":"Cabernet Sauvignon","query":{"query":{"value":"searchQuery=:relevance:wineGrape:Cabernet+Sauvignon","__typename":"InternalPageQuery"},"__typename":"PageQuery"},"selected":false,"__typename":"FacetValue"},{"code":"Chardonnay","count":9,"name":"Chardonnay","query":{"query":{"value":"searchQuery=:relevance:wineGrape:Chardonnay","__typename":"InternalPageQuery"},"__typename":"PageQuery"},"selected":false,"__typename":"FacetValue"},{"code":"1% Petit Verdot","count":8,"name":"1% Petit Verdot","query":{"query":{"value":"searchQuery=:relevance:wineGrape:1%25+Petit+Verdot","__typename":"InternalPageQuery"},"__typename":"PageQuery"},"selected":false,"__typename":"FacetValue"},{"code":"10% Merlot","count":8,"name":"10% Merlot","query":{"query":{"value":"searchQuery=:relevance:wineGrape:10%25+Merlot","__typename":"InternalPageQuery"},"__typename":"PageQuery"},"selected":false,"__typename":"FacetValue"}],"__typename":"Facet"}],"sorts":[{"name":"Relevantie","selected":true,"code":"relevance","__typename":"Sort"},{"name":"Prijs/stuk","selected":false,"code":"price-piece","__typename":"Sort"},{"name":"Nutriscore","selected":false,"code":"nutriscore","__typename":"Sort"}],"pagination":{"currentPage":14,"totalResults":15001,"totalPages":301,"sort":"relevance","__typename":"Pagination"},"currentQuery":{"query":{"value":":relevance","__typename":"InternalPageQuery"},"url":"/nl-be/shop/search?q=%3Arelevance","__typename":"PageQuery"},"categorySearchTree":[{"categoryDataList":[{"categoryCode":"v2SWE","categoryData":{"facetData":{"count":2298,"name":"Zoete kruidenierswaren","nameNonLocalized":"Sweet","query":{"query":{"value":":relevance:facetCategories:v2SWE","__typename":"InternalPageQuery"},"url":"/nl-be/shop/search?q=%3Arelevance%3AfacetCategories%3Av2SWE","__typename":"PageQuery"},"selected":false,"__typename":"CategorySearchTreeFacetData"},"subCategories":["v2SWEBRE","v2SWECHO","v2SWEBIS","v2SWECAN","v2SWEDES"],"__typename":"CategorySearchTreeData"},"__typename":"CategorySearchTreeLevelDataList"},{"categoryCode":"v2HYG","categoryData":{"facetData":{"count":2069,"name":"Hygiëne en verzorging","nameNonLocalized":"Hygiene and care","query":{"query":{"value":":relevance:facetCategories:v2HYG","__typename":"InternalPageQuery"},"url":"/nl-be/shop/search?q=%3Arelevance%3AfacetCategories%3Av2HYG","__typename":"PageQuery"},"selected":false,"__typename":"CategorySearchTreeFacetData"},"subCategories":["v2HYGMAK","v2HYGINT","v2HYGNAT","v2HYGFAC","v2HYGDEN","v2HYGHAI","v2HYGBOD","v2HYGPHA","v2HYGTIS"],"__typename":"CategorySearchTreeData"},"__typename":"CategorySearchTreeLevelDataList"},{"categoryCode":"v2DRI","categoryData":{"facetData":{"count":2029,"name":"Dranken en alcohol","nameNonLocalized":"Drinks and alcohol","query":{"query":{"value":":relevance:facetCategories:v2DRI","__typename":"InternalPageQuery"},"url":"/nl-be/shop/search?q=%3Arelevance%3AfacetCategories%3Av2DRI","__typename":"PageQuery"},"selected":false,"__typename":"CategorySearchTreeFacetData"},"subCategories":["v2DRISOF","v2DRIWAT","v2DRIMIL","v2DRIJUI","v2DRISYR","v2DRIBEE","v2DRIHOT","v2DRIALC"],"__typename":"CategorySearchTreeData"},"__typename":"CategorySearchTreeLevelDataList"},{"categoryCode":"v2SAL","categoryData":{"facetData":{"count":1689,"name":"Zoute kruidenierswaren","nameNonLocalized":"Salted groceries","query":{"query":{"value":":relevance:facetCategories:v2SAL","__typename":"InternalPageQuery"},"url":"/nl-be/shop/search?q=%3Arelevance%3AfacetCategories%3Av2SAL","__typename":"PageQuery"},"selected":false,"__typename":"CategorySearchTreeFacetData"},"subCategories":["v2SALAPE","v2SALPAS","v2SALSOU","v2SALSAU","v2SALOIL","v2SALSPI","v2SALCUL","v2SALCON","v2SALWOR"],"__typename":"CategorySearchTreeData"},"__typename":"CategorySearchTreeLevelDataList"},{"categoryCode":"v2BIO","categoryData":{"facetData":{"count":1433,"name":"Bio, Eco en Fairtrade","nameNonLocalized":"Bio, Eco and Fairtrade","query":{"query":{"value":":relevance:facetCategories:v2BIO","__typename":"InternalPageQuery"},"url":"/nl-be/shop/search?q=%3Arelevance%3AfacetCategories%3Av2BIO","__typename":"PageQuery"},"selected":false,"__typename":"CategorySearchTreeFacetData"},"subCategories":["v2BIOISBIO","v2BIOECO","v2BIOFAI"],"__typename":"CategorySearchTreeData"},"__typename":"CategorySearchTreeLevelDataList"},{"categoryCode":"v2DAI","categoryData":{"facetData":{"count":1210,"name":"Zuivel en kaas","nameNonLocalized":"Dairy","query":{"query":{"value":":relevance:facetCategories:v2DAI","__typename":"InternalPageQuery"},"url":"/nl-be/shop/search?q=%3Arelevance%3AfacetCategories%3Av2DAI","__typename":"PageQuery"},"selected":false,"__typename":"CategorySearchTreeFacetData"},"subCategories":["v2DAIYOG","v2DAICHE","v2DAIDES","v2DAIBUT","v2DAICUL","v2DAIPRE","v2DAIMIL","v2DAIMILVEG"],"__typename":"CategorySearchTreeData"},"__typename":"CategorySearchTreeLevelDataList"},{"categoryCode":"v2MEA","categoryData":{"facetData":{"count":1086,"name":"Vlees, vis en vegetarische producten","nameNonLocalized":"Meat, fish and veggie products","query":{"query":{"value":":relevance:facetCategories:v2MEA","__typename":"InternalPageQuery"},"url":"/nl-be/shop/search?q=%3Arelevance%3AfacetCategories%3Av2MEA","__typename":"PageQuery"},"selected":false,"__typename":"CategorySearchTreeFacetData"},"subCategories":["v2MEAPRE","v2MEAPOU","v2MEASPR","v2MEAMEA","v2MEAVEG","v2MEADEL","v2MEAFIS"],"__typename":"CategorySearchTreeData"},"__typename":"CategorySearchTreeLevelDataList"},{"categoryCode":"v2WIN","categoryData":{"facetData":{"count":995,"name":"Wijn en bubbels","nameNonLocalized":"Wines and bubbles","query":{"query":{"value":":relevance:facetCategories:v2WIN","__typename":"InternalPageQuery"},"url":"/nl-be/shop/search?q=%3Arelevance%3AfacetCategories%3Av2WIN","__typename":"PageQuery"},"selected":false,"__typename":"CategorySearchTreeFacetData"},"subCategories":["v2WINEXC","v2WINWHI","v2WINRED","v2WINROS","v2WINBUB"],"__typename":"CategorySearchTreeData"},"__typename":"CategorySearchTreeLevelDataList"},{"categoryCode":"v2CLE","categoryData":{"facetData":{"count":944,"name":"Onderhoudsproducten","nameNonLocalized":"Cleaning products","query":{"query":{"value":":relevance:facetCategories:v2CLE","__typename":"InternalPageQuery"},"url":"/nl-be/shop/search?q=%3Arelevance%3AfacetCategories%3Av2CLE","__typename":"PageQuery"},"selected":false,"__typename":"CategorySearchTreeFacetData"},"subCategories":["v2CLESUR","v2CLELAU","v2CLETOI","v2CLEKIT","v2CLEACC","v2CLETRA","v2CLEPAP"],"__typename":"CategorySearchTreeData"},"__typename":"CategorySearchTreeLevelDataList"},{"categoryCode":"v2FRO","categoryData":{"facetData":{"count":627,"name":"Diepvries","nameNonLocalized":"Frozen","query":{"query":{"value":":relevance:facetCategories:v2FRO","__typename":"InternalPageQuery"},"url":"/nl-be/shop/search?q=%3Arelevance%3AfacetCategories%3Av2FRO","__typename":"PageQuery"},"selected":false,"__typename":"CategorySearchTreeFacetData"},"subCategories":["v2FROPOT","v2FROVEG","v2FROMEA","v2FROPIZ","v2FROPRE","v2FROICE","v2FRODES"],"__typename":"CategorySearchTreeData"},"__typename":"CategorySearchTreeLevelDataList"},{"categoryCode":"v2FRU","categoryData":{"facetData":{"count":611,"name":"Verse groenten en fruit","nameNonLocalized":"Fruits and vegetables","query":{"query":{"value":":relevance:facetCategories:v2FRU","__typename":"InternalPageQuery"},"url":"/nl-be/shop/search?q=%3Arelevance%3AfacetCategories%3Av2FRU","__typename":"PageQuery"},"selected":false,"__typename":"CategorySearchTreeFacetData"},"subCategories":["v2FRUREA","v2FRUSOU","v2FRUDRY","v2FRUJUI","v2FRUBOX","v2FRUVEG","v2FRUFRU"],"__typename":"CategorySearchTreeData"},"__typename":"CategorySearchTreeLevelDataList"},{"categoryCode":"v2CAN","categoryData":{"facetData":{"count":548,"name":"Conserven","nameNonLocalized":"Canned food","query":{"query":{"value":":relevance:facetCategories:v2CAN","__typename":"InternalPageQuery"},"url":"/nl-be/shop/search?q=%3Arelevance%3AfacetCategories%3Av2CAN","__typename":"PageQuery"},"selected":false,"__typename":"CategorySearchTreeFacetData"},"subCategories":["v2CANVEG","v2CANFIS","v2CANFRU","v2CANSOU","v2CANMEA","v2CANPRE"],"__typename":"CategorySearchTreeData"},"__typename":"CategorySearchTreeLevelDataList"},{"categoryCode":"v2DEL","categoryData":{"facetData":{"count":492,"name":"Traiteur en verse aperitiefhapjes","nameNonLocalized":"Catering","query":{"query":{"value":":relevance:facetCategories:v2DEL","__typename":"InternalPageQuery"},"url":"/nl-be/shop/search?q=%3Arelevance%3AfacetCategories%3Av2DEL","__typename":"PageQuery"},"selected":false,"__typename":"CategorySearchTreeFacetData"},"subCategories":["v2DELPAS","v2DELAPE","v2DELSNA","v2DELSTA","v2DELDIS","v2DELSID"],"__typename":"CategorySearchTreeData"},"__typename":"CategorySearchTreeLevelDataList"},{"categoryCode":"v2NON","categoryData":{"facetData":{"count":380,"name":"Non-food","nameNonLocalized":"Non food","query":{"query":{"value":":relevance:facetCategories:v2NON","__typename":"InternalPageQuery"},"url":"/nl-be/shop/search?q=%3Arelevance%3AfacetCategories%3Av2NON","__typename":"PageQuery"},"selected":false,"__typename":"CategorySearchTreeFacetData"},"subCategories":["v2NONACC","v2NONELE","v2NONINS","v2NONFIR","v2NONDEC","v2NONSTA"],"__typename":"CategorySearchTreeData"},"__typename":"CategorySearchTreeLevelDataList"},{"categoryCode":"v2EOY","categoryData":{"facetData":{"count":365,"name":"Eindejaarsproducten","nameNonLocalized":"End of year products","query":{"query":{"value":":relevance:facetCategories:v2EOY","__typename":"InternalPageQuery"},"url":"/nl-be/shop/search?q=%3Arelevance%3AfacetCategories%3Av2EOY","__typename":"PageQuery"},"selected":false,"__typename":"CategorySearchTreeFacetData"},"subCategories":["v2EOYMEA","v2EOYAPE","v2EOYDES","v2EOYSID","v2EOYSPI","v2EOYWIN","v2EOYFRO"],"__typename":"CategorySearchTreeData"},"__typename":"CategorySearchTreeLevelDataList"},{"categoryCode":"v2PET","categoryData":{"facetData":{"count":341,"name":"Huisdieren","nameNonLocalized":"Pets","query":{"query":{"value":":relevance:facetCategories:v2PET","__typename":"InternalPageQuery"},"url":"/nl-be/shop/search?q=%3Arelevance%3AfacetCategories%3Av2PET","__typename":"PageQuery"},"selected":false,"__typename":"CategorySearchTreeFacetData"},"subCategories":["v2PETDOG","v2PETCAT"],"__typename":"CategorySearchTreeData"},"__typename":"CategorySearchTreeLevelDataList"},{"categoryCode":"v2SPE","categoryData":{"facetData":{"count":316,"name":"Bewuste voeding","nameNonLocalized":"Specific food","query":{"query":{"value":":relevance:facetCategories:v2SPE","__typename":"InternalPageQuery"},"url":"/nl-be/shop/search?q=%3Arelevance%3AfacetCategories%3Av2SPE","__typename":"PageQuery"},"selected":false,"__typename":"CategorySearchTreeFacetData"},"subCategories":["v2SPEVEG","v2SPEGLU","v2SPELAC","v2SPEDIE","v2SPESPO"],"__typename":"CategorySearchTreeData"},"__typename":"CategorySearchTreeLevelDataList"},{"categoryCode":"v2BAB","categoryData":{"facetData":{"count":277,"name":"Baby","nameNonLocalized":"Baby","query":{"query":{"value":":relevance:facetCategories:v2BAB","__typename":"InternalPageQuery"},"url":"/nl-be/shop/search?q=%3Arelevance%3AfacetCategories%3Av2BAB","__typename":"PageQuery"},"selected":false,"__typename":"CategorySearchTreeFacetData"},"subCategories":["v2BABHYG","v2BABSNA","v2BABMEA","v2BABMIL"],"__typename":"CategorySearchTreeData"},"__typename":"CategorySearchTreeLevelDataList"},{"categoryCode":"v2BAK","categoryData":{"facetData":{"count":150,"name":"Bakkerij en banket","nameNonLocalized":"Bakery","query":{"query":{"value":":relevance:facetCategories:v2BAK","__typename":"InternalPageQuery"},"url":"/nl-be/shop/search?q=%3Arelevance%3AfacetCategories%3Av2BAK","__typename":"PageQuery"},"selected":false,"__typename":"CategorySearchTreeFacetData"},"subCategories":["v2BAKPRE","v2BAKPAS"],"__typename":"CategorySearchTreeData"},"__typename":"CategorySearchTreeLevelDataList"}],"level":"1","__typename":"CategorySearchTreeLevel"},{"categoryDataList":[{"categoryCode":"v2BIOISBIO","categoryData":{"facetData":{"count":1204,"name":"Bio","nameNonLocalized":"Bio","query":{"query":{"value":":relevance:facetCategories:v2BIOISBIO%7Cv2BIO","__typename":"InternalPageQuery"},"url":"/nl-be/shop/search?q=%3Arelevance%3AfacetCategories%3Av2BIOISBIO%257Cv2BIO","__typename":"PageQuery"},"selected":false,"__typename":"CategorySearchTreeFacetData"},"subCategories":["v2BIOISBIOFRU","v2BIOISBIOMEA","v2BIOISBIODAI","v2BIOISBIODEL","v2BIOISBIOSWE","v2BIOISBIOSAL","v2BIOISBIOCAN","v2BIOISBIOFRO","v2BIOISBIOSPE","v2BIOISBIOWIN","v2BIOISBIODRI","v2BIOISBIOHYG","v2BIOISBIOBAB"],"__typename":"CategorySearchTreeData"},"__typename":"CategorySearchTreeLevelDataList"},{"categoryCode":"v2SWEBRE","categoryData":{"facetData":{"count":1045,"name":"Ontbijt","nameNonLocalized":"Breakfast","query":{"query":{"value":":relevance:facetCategories:v2SWEBRE%7Cv2SWE","__typename":"InternalPageQuery"},"url":"/nl-be/shop/search?q=%3Arelevance%3AfacetCategories%3Av2SWEBRE%257Cv2SWE","__typename":"PageQuery"},"selected":false,"__typename":"CategorySearchTreeFacetData"},"subCategories":["v2SWEBRECER","v2SWEBRESPR","v2SWEBRECRI","v2SWEBRECOF","v2SWEBRETEA","v2SWEBREJUI"],"__typename":"CategorySearchTreeData"},"__typename":"CategorySearchTreeLevelDataList"},{"categoryCode":"v2HYGBOD","categoryData":{"facetData":{"count":525,"name":"Lichaamsverzorging","nameNonLocalized":"Body care","query":{"query":{"value":":relevance:facetCategories:v2HYGBOD%7Cv2HYG","__typename":"InternalPageQuery"},"url":"/nl-be/shop/search?q=%3Arelevance%3AfacetCategories%3Av2HYGBOD%257Cv2HYG","__typename":"PageQuery"},"selected":false,"__typename":"CategorySearchTreeFacetData"},"subCategories":["v2HYGBODSOA","v2HYGBODCRE","v2HYGBODSHA","v2HYGBODBOD","v2HYGBODDEO"],"__typename":"CategorySearchTreeData"},"__typename":"CategorySearchTreeLevelDataList"},{"categoryCode":"v2WINRED","categoryData":{"facetData":{"count":521,"name":"Rode wijn","nameNonLocalized":"Red wine","query":{"query":{"value":":relevance:facetCategories:v2WINRED%7Cv2WIN","__typename":"InternalPageQuery"},"url":"/nl-be/shop/search?q=%3Arelevance%3AfacetCategories%3Av2WINRED%257Cv2WIN","__typename":"PageQuery"},"selected":false,"__typename":"CategorySearchTreeFacetData"},"subCategories":["v2WINREDEXC","v2WINREDFRA","v2WINREDITA"],"__typename":"CategorySearchTreeData"},"__typename":"CategorySearchTreeLevelDataList"},{"categoryCode":"v2DRIHOT","categoryData":{"facetData":{"count":487,"name":"Warme dranken","nameNonLocalized":"Hot drinks","query":{"query":{"value":":relevance:facetCategories:v2DRIHOT%7Cv2DRI","__typename":"InternalPageQuery"},"url":"/nl-be/shop/search?q=%3Arelevance%3AfacetCategories%3Av2DRIHOT%257Cv2DRI","__typename":"PageQuery"},"selected":false,"__typename":"CategorySearchTreeFacetData"},"subCategories":["v2DRIHOTCOF","v2DRIHOTTEA"],"__typename":"CategorySearchTreeData"},"__typename":"CategorySearchTreeLevelDataList"},{"categoryCode":"v2DAICHE","categoryData":{"facetData":{"count":454,"name":"Kazen","nameNonLocalized":"Cheese","query":{"query":{"value":":relevance:facetCategories:v2DAICHE%7Cv2DAI","__typename":"InternalPageQuery"},"url":"/nl-be/shop/search?q=%3Arelevance%3AfacetCategories%3Av2DAICHE%257Cv2DAI","__typename":"PageQuery"},"selected":false,"__typename":"CategorySearchTreeFacetData"},"subCategories":["V2DAICHEASS","V2DAICHECHE","v2DAICHEBLO","v2DAICHESLI","v2DAICHERAS","v2DAICHESPR","v2DAICHEOTH"],"__typename":"CategorySearchTreeData"},"__typename":"CategorySearchTreeLevelDataList"},{"categoryCode":"v2SWEBIS","categoryData":{"facetData":{"count":441,"name":"Koekjes","nameNonLocalized":"Biscuits","query":{"query":{"value":":relevance:facetCategories:v2SWEBIS%7Cv2SWE","__typename":"InternalPageQuery"},"url":"/nl-be/shop/search?q=%3Arelevance%3AfacetCategories%3Av2SWEBIS%257Cv2SWE","__typename":"PageQuery"},"selected":false,"__typename":"CategorySearchTreeFacetData"},"subCategories":["v2SWEBISSEA","v2SWEBISCAK","v2SWEBISWAF","v2SWEBISDRY","v2SWEBISKID","v2SWEBISSPE"],"__typename":"CategorySearchTreeData"},"__typename":"CategorySearchTreeLevelDataList"},{"categoryCode":"v2DRIALC","categoryData":{"facetData":{"count":437,"name":"Alcohol","nameNonLocalized":"Alcohol","query":{"query":{"value":":relevance:facetCategories:v2DRIALC%7Cv2DRI","__typename":"InternalPageQuery"},"url":"/nl-be/shop/search?q=%3Arelevance%3AfacetCategories%3Av2DRIALC%257Cv2DRI","__typename":"PageQuery"},"selected":false,"__typename":"CategorySearchTreeFacetData"},"subCategories":["v2DRIALCAPP","v2DRIALCCOC","v2DRIALCWHI","v2DRIALCRUM","v2DRIALCGIN","v2DRIALCOTH","v2DRIALCLIQ"],"__typename":"CategorySearchTreeData"},"__typename":"CategorySearchTreeLevelDataList"},{"categoryCode":"v2HYGHAI","categoryData":{"facetData":{"count":416,"name":"Haarverzorging","nameNonLocalized":"Hair care","query":{"query":{"value":":relevance:facetCategories:v2HYGHAI%7Cv2HYG","__typename":"InternalPageQuery"},"url":"/nl-be/shop/search?q=%3Arelevance%3AfacetCategories%3Av2HYGHAI%257Cv2HYG","__typename":"PageQuery"},"selected":false,"__typename":"CategorySearchTreeFacetData"},"subCategories":["v2HYGHAISHA","v2HYGHAICON","v2HYGHAICAR","v2HYGHAIFIX","v2HYGHAICOL"],"__typename":"CategorySearchTreeData"},"__typename":"CategorySearchTreeLevelDataList"},{"categoryCode":"v2DRIBEE","categoryData":{"facetData":{"count":376,"name":"Bier","nameNonLocalized":"Beers","query":{"query":{"value":":relevance:facetCategories:v2DRIBEE%7Cv2DRI","__typename":"InternalPageQuery"},"url":"/nl-be/shop/search?q=%3Arelevance%3AfacetCategories%3Av2DRIBEE%257Cv2DRI","__typename":"PageQuery"},"selected":false,"__typename":"CategorySearchTreeFacetData"},"subCategories":["v2DRIBEELOC","v2DRIBEETRA","v2DRIBEEPIL","v2DRIBEEWHI","v2DRIBEEABB","v2DRIBEESPE","v2DRIBEEALC"],"__typename":"CategorySearchTreeData"},"__typename":"CategorySearchTreeLevelDataList"},{"categoryCode":"v2HYGFAC","categoryData":{"facetData":{"count":376,"name":"Gelaatsverzorging","nameNonLocalized":"Face care","query":{"query":{"value":":relevance:facetCategories:v2HYGFAC%7Cv2HYG","__typename":"InternalPageQuery"},"url":"/nl-be/shop/search?q=%3Arelevance%3AfacetCategories%3Av2HYGFAC%257Cv2HYG","__typename":"PageQuery"},"selected":false,"__typename":"CategorySearchTreeFacetData"},"subCategories":["v2HYGFACCAR","v2HYGFACCLE","v2HYGFACSHA"],"__typename":"CategorySearchTreeData"},"__typename":"CategorySearchTreeLevelDataList"},{"categoryCode":"v2MEADEL","categoryData":{"facetData":{"count":373,"name":"Charcuterie","nameNonLocalized":"Deli","query":{"query":{"value":":relevance:facetCategories:v2MEADEL%7Cv2MEA","__typename":"InternalPageQuery"},"url":"/nl-be/shop/search?q=%3Arelevance%3AfacetCategories%3Av2MEADEL%257Cv2MEA","__typename":"PageQuery"},"selected":false,"__typename":"CategorySearchTreeFacetData"},"subCategories":["v2MEADELCOO","v2MEADELAUT","v2MEADELSAL","v2MEADELSMO","v2MEADELHAM","v2MEADELSAU","v2MEADELBAC","v2MEADELOTH"],"__typename":"CategorySearchTreeData"},"__typename":"CategorySearchTreeLevelDataList"},{"categoryCode":"v2SWECHO","categoryData":{"facetData":{"count":362,"name":"Chocolade","nameNonLocalized":"Chocolate","query":{"query":{"value":":relevance:facetCategories:v2SWECHO%7Cv2SWE","__typename":"InternalPageQuery"},"url":"/nl-be/shop/search?q=%3Arelevance%3AfacetCategories%3Av2SWECHO%257Cv2SWE","__typename":"PageQuery"},"selected":false,"__typename":"CategorySearchTreeFacetData"},"subCategories":["v2SWECHOTAB","v2SWECHOGIF","v2SWECHOEVE","v2SWECHOBIT","v2SWECHOBAR","v2SWECHOCAN","v2SWECHOSEA"],"__typename":"CategorySearchTreeData"},"__typename":"CategorySearchTreeLevelDataList"},{"categoryCode":"v2DAIYOG","categoryData":{"facetData":{"count":341,"name":"Yoghurt en alternatieven","nameNonLocalized":"Yoghurt and alternatives","query":{"query":{"value":":relevance:facetCategories:v2DAIYOG%7Cv2DAI","__typename":"InternalPageQuery"},"url":"/nl-be/shop/search?q=%3Arelevance%3AfacetCategories%3Av2DAIYOG%257Cv2DAI","__typename":"PageQuery"},"selected":false,"__typename":"CategorySearchTreeFacetData"},"subCategories":["v2DAIYOGLAC","v2DAIYOGPLA","v2DAIYOGFRU","v2DAIYOGCOT","v2DAIYOGBIF","v2DAIYOGDRI"],"__typename":"CategorySearchTreeData"},"__typename":"CategorySearchTreeLevelDataList"},{"categoryCode":"v2DRISOF","categoryData":{"facetData":{"count":332,"name":"Frisdrank","nameNonLocalized":"Sodas","query":{"query":{"value":":relevance:facetCategories:v2DRISOF%7Cv2DRI","__typename":"InternalPageQuery"},"url":"/nl-be/shop/search?q=%3Arelevance%3AfacetCategories%3Av2DRISOF%257Cv2DRI","__typename":"PageQuery"},"selected":false,"__typename":"CategorySearchTreeFacetData"},"subCategories":["v2DRISOFSPA","v2DRISOFICE","v2DRISOFSPO","v2DRISOFCOL","v2DRISOFSTI"],"__typename":"CategorySearchTreeData"},"__typename":"CategorySearchTreeLevelDataList"},{"categoryCode":"v2WINEXC","categoryData":{"facetData":{"count":318,"name":"Online exclusiviteiten","nameNonLocalized":"Online exclusives","query":{"query":{"value":":relevance:facetCategories:v2WINEXC%7Cv2WIN","__typename":"InternalPageQuery"},"url":"/nl-be/shop/search?q=%3Arelevance%3AfacetCategories%3Av2WINEXC%257Cv2WIN","__typename":"PageQuery"},"selected":false,"__typename":"CategorySearchTreeFacetData"},"subCategories":["v2WINEXCRED","v2WINEXCWHI"],"__typename":"CategorySearchTreeData"},"__typename":"CategorySearchTreeLevelDataList"},{"categoryCode":"v2SALPAS","categoryData":{"facetData":{"count":289,"name":"Pasta, rijst en andere zetmeelproducten","nameNonLocalized":"Pasta, rice and grains","query":{"query":{"value":":relevance:facetCategories:v2SALPAS%7Cv2SAL","__typename":"InternalPageQuery"},"url":"/nl-be/shop/search?q=%3Arelevance%3AfacetCategories%3Av2SALPAS%257Cv2SAL","__typename":"PageQuery"},"selected":false,"__typename":"CategorySearchTreeFacetData"},"subCategories":["v2SALPASGRA","v2SALPASPAS","v2SALPASRIC","v2SALPASSNA"],"__typename":"CategorySearchTreeData"},"__typename":"CategorySearchTreeLevelDataList"},{"categoryCode":"v2CLESUR","categoryData":{"facetData":{"count":288,"name":"Oppervlakken","nameNonLocalized":"Surfaces","query":{"query":{"value":":relevance:facetCategories:v2CLESUR%7Cv2CLE","__typename":"InternalPageQuery"},"url":"/nl-be/shop/search?q=%3Arelevance%3AfacetCategories%3Av2CLESUR%257Cv2CLE","__typename":"PageQuery"},"selected":false,"__typename":"CategorySearchTreeFacetData"},"subCategories":["v2CLESURALL","v2CLESURFLO","v2CLESURBAT","v2CLESURCAN"],"__typename":"CategorySearchTreeData"},"__typename":"CategorySearchTreeLevelDataList"},{"categoryCode":"v2CLELAU","categoryData":{"facetData":{"count":286,"name":"Wassen","nameNonLocalized":"Laundry","query":{"query":{"value":":relevance:facetCategories:v2CLELAU%7Cv2CLE","__typename":"InternalPageQuery"},"url":"/nl-be/shop/search?q=%3Arelevance%3AfacetCategories%3Av2CLELAU%257Cv2CLE","__typename":"PageQuery"},"selected":false,"__typename":"CategorySearchTreeFacetData"},"subCategories":["v2CLELAULAU","v2CLELAUSOF","v2CLELAUTRE"],"__typename":"CategorySearchTreeData"},"__typename":"CategorySearchTreeLevelDataList"},{"categoryCode":"v2SALAPE","categoryData":{"facetData":{"count":285,"name":"Chips en aperitief snacks","nameNonLocalized":"Chips and appetizers","query":{"query":{"value":":relevance:facetCategories:v2SALAPE%7Cv2SAL","__typename":"InternalPageQuery"},"url":"/nl-be/shop/search?q=%3Arelevance%3AfacetCategories%3Av2SALAPE%257Cv2SAL","__typename":"PageQuery"},"selected":false,"__typename":"CategorySearchTreeFacetData"},"subCategories":["v2SALAPECHI","v2SALAPEPEA","v2SALAPESAL"],"__typename":"CategorySearchTreeData"},"__typename":"CategorySearchTreeLevelDataList"},{"categoryCode":"v2SALSAU","categoryData":{"facetData":{"count":259,"name":"Sauzen","nameNonLocalized":"Sauces","query":{"query":{"value":":relevance:facetCategories:v2SALSAU%7Cv2SAL","__typename":"InternalPageQuery"},"url":"/nl-be/shop/search?q=%3Arelevance%3AfacetCategories%3Av2SALSAU%257Cv2SAL","__typename":"PageQuery"},"selected":false,"__typename":"CategorySearchTreeFacetData"},"subCategories":["v2SALSAUMAY","v2SALSAUPAS","v2SALSAUVIN","v2SALSAUOTH"],"__typename":"CategorySearchTreeData"},"__typename":"CategorySearchTreeLevelDataList"},{"categoryCode":"v2SALSPI","categoryData":{"facetData":{"count":256,"name":"Kruiden","nameNonLocalized":"Spices","query":{"query":{"value":":relevance:facetCategories:v2SALSPI%7Cv2SAL","__typename":"InternalPageQuery"},"url":"/nl-be/shop/search?q=%3Arelevance%3AfacetCategories%3Av2SALSPI%257Cv2SAL","__typename":"PageQuery"},"selected":false,"__typename":"CategorySearchTreeFacetData"},"subCategories":["v2SALSPISAL","v2SALSPIPEP","v2SALSPISPI","v2SALSPIHER"],"__typename":"CategorySearchTreeData"},"__typename":"CategorySearchTreeLevelDataList"},{"categoryCode":"v2SALWOR","categoryData":{"facetData":{"count":252,"name":"Wereldkeuken","nameNonLocalized":"World cooking","query":{"query":{"value":":relevance:facetCategories:v2SALWOR%7Cv2SAL","__typename":"InternalPageQuery"},"url":"/nl-be/shop/search?q=%3Arelevance%3AfacetCategories%3Av2SALWOR%257Cv2SAL","__typename":"PageQuery"},"selected":false,"__typename":"CategorySearchTreeFacetData"},"subCategories":["v2SALWORTHA","v2SALWORJAP","v2SALWORSOU","v2SALWORITA","v2SALWORMEX"],"__typename":"CategorySearchTreeData"},"__typename":"CategorySearchTreeLevelDataList"},{"categoryCode":"v2SWECAN","categoryData":{"facetData":{"count":246,"name":"Snoep","nameNonLocalized":"Candies","query":{"query":{"value":":relevance:facetCategories:v2SWECAN%7Cv2SWE","__typename":"InternalPageQuery"},"url":"/nl-be/shop/search?q=%3Arelevance%3AfacetCategories%3Av2SWECAN%257Cv2SWE","__typename":"PageQuery"},"selected":false,"__typename":"CategorySearchTreeFacetData"},"subCategories":["v2SWECANCAN","v2SWECANGUM","v2SWECANPAS"],"__typename":"CategorySearchTreeData"},"__typename":"CategorySearchTreeLevelDataList"},{"categoryCode":"v2WINWHI","categoryData":{"facetData":{"count":212,"name":"Witte wijn","nameNonLocalized":"White wine","query":{"query":{"value":":relevance:facetCategories:v2WINWHI%7Cv2WIN","__typename":"InternalPageQuery"},"url":"/nl-be/shop/search?q=%3Arelevance%3AfacetCategories%3Av2WINWHI%257Cv2WIN","__typename":"PageQuery"},"selected":false,"__typename":"CategorySearchTreeFacetData"},"subCategories":["v2WINWHIEXC","v2WINWHIFRA"],"__typename":"CategorySearchTreeData"},"__typename":"CategorySearchTreeLevelDataList"},{"categoryCode":"v2FRUVEG","categoryData":{"facetData":{"count":204,"name":"Verse groenten","nameNonLocalized":"Fresh vegetables","query":{"query":{"value":":relevance:facetCategories:v2FRUVEG%7Cv2FRU","__typename":"InternalPageQuery"},"url":"/nl-be/shop/search?q=%3Arelevance%3AfacetCategories%3Av2FRUVEG%257Cv2FRU","__typename":"PageQuery"},"selected":false,"__typename":"CategorySearchTreeFacetData"},"subCategories":["v2FRUVEGSAL"],"__typename":"CategorySearchTreeData"},"__typename":"CategorySearchTreeLevelDataList"},{"categoryCode":"v2SWEDES","categoryData":{"facetData":{"count":204,"name":"Dessertbereidingen","nameNonLocalized":"Dessert ingredients","query":{"query":{"value":":relevance:facetCategories:v2SWEDES%7Cv2SWE","__typename":"InternalPageQuery"},"url":"/nl-be/shop/search?q=%3Arelevance%3AfacetCategories%3Av2SWEDES%257Cv2SWE","__typename":"PageQuery"},"selected":false,"__typename":"CategorySearchTreeFacetData"},"subCategories":["v2SWEDESFLO","v2SWEDESSUG","v2SWEDESMIX","v2SWEDESDES"],"__typename":"CategorySearchTreeData"},"__typename":"CategorySearchTreeLevelDataList"},{"categoryCode":"v2BIOECO","categoryData":{"facetData":{"count":198,"name":"Eco","nameNonLocalized":"Eco","query":{"query":{"value":":relevance:facetCategories:v2BIOECO%7Cv2BIO","__typename":"InternalPageQuery"},"url":"/nl-be/shop/search?q=%3Arelevance%3AfacetCategories%3Av2BIOECO%257Cv2BIO","__typename":"PageQuery"},"selected":false,"__typename":"CategorySearchTreeFacetData"},"subCategories":["v2BIOECODAI","v2BIOECOCLE","v2BIOECOHYG"],"__typename":"CategorySearchTreeData"},"__typename":"CategorySearchTreeLevelDataList"},{"categoryCode":"v2CANVEG","categoryData":{"facetData":{"count":196,"name":"Groenten in conserve","nameNonLocalized":"Canned vegetables","query":{"query":{"value":":relevance:facetCategories:v2CANVEG%7Cv2CAN","__typename":"InternalPageQuery"},"url":"/nl-be/shop/search?q=%3Arelevance%3AfacetCategories%3Av2CANVEG%257Cv2CAN","__typename":"PageQuery"},"selected":false,"__typename":"CategorySearchTreeFacetData"},"subCategories":["v2CANVEGTOM","v2CANVEGLEN"],"__typename":"CategorySearchTreeData"},"__typename":"CategorySearchTreeLevelDataList"},{"categoryCode":"v2PETCAT","categoryData":{"facetData":{"count":195,"name":"Katten","nameNonLocalized":"Cats","query":{"query":{"value":":relevance:facetCategories:v2PETCAT%7Cv2PET","__typename":"InternalPageQuery"},"url":"/nl-be/shop/search?q=%3Arelevance%3AfacetCategories%3Av2PETCAT%257Cv2PET","__typename":"PageQuery"},"selected":false,"__typename":"CategorySearchTreeFacetData"},"subCategories":["v2PETCATWET","v2PETCATDRY","v2PETCATSNA"],"__typename":"CategorySearchTreeData"},"__typename":"CategorySearchTreeLevelDataList"},{"categoryCode":"v2FROICE","categoryData":{"facetData":{"count":187,"name":"Roomijs","nameNonLocalized":"Ice cream","query":{"query":{"value":":relevance:facetCategories:v2FROICE%7Cv2FRO","__typename":"InternalPageQuery"},"url":"/nl-be/shop/search?q=%3Arelevance%3AfacetCategories%3Av2FROICE%257Cv2FRO","__typename":"PageQuery"},"selected":false,"__typename":"CategorySearchTreeFacetData"},"subCategories":["v2FROICEBOX","v2FROICESTI"],"__typename":"CategorySearchTreeData"},"__typename":"CategorySearchTreeLevelDataList"},{"categoryCode":"v2MEAFIS","categoryData":{"facetData":{"count":179,"name":"Vis","nameNonLocalized":"Fish","query":{"query":{"value":":relevance:facetCategories:v2MEAFIS%7Cv2MEA","__typename":"InternalPageQuery"},"url":"/nl-be/shop/search?q=%3Arelevance%3AfacetCategories%3Av2MEAFIS%257Cv2MEA","__typename":"PageQuery"},"selected":false,"__typename":"CategorySearchTreeFacetData"},"subCategories":["v2MEAFISSHR","v2MEAFISFRE","v2MEAFISPRE"],"__typename":"CategorySearchTreeData"},"__typename":"CategorySearchTreeLevelDataList"},{"categoryCode":"v2HYGDEN","categoryData":{"facetData":{"count":176,"name":"Mondverzorging","nameNonLocalized":"Dental care","query":{"query":{"value":":relevance:facetCategories:v2HYGDEN%7Cv2HYG","__typename":"InternalPageQuery"},"url":"/nl-be/shop/search?q=%3Arelevance%3AfacetCategories%3Av2HYGDEN%257Cv2HYG","__typename":"PageQuery"},"selected":false,"__typename":"CategorySearchTreeFacetData"},"subCategories":["v2HYGDENTOO","v2HYGDENBRU"],"__typename":"CategorySearchTreeData"},"__typename":"CategorySearchTreeLevelDataList"},{"categoryCode":"v2WINBUB","categoryData":{"facetData":{"count":176,"name":"Bubbels","nameNonLocalized":"Bubbles","query":{"query":{"value":":relevance:facetCategories:v2WINBUB%7Cv2WIN","__typename":"InternalPageQuery"},"url":"/nl-be/shop/search?q=%3Arelevance%3AfacetCategories%3Av2WINBUB%257Cv2WIN","__typename":"PageQuery"},"selected":false,"__typename":"CategorySearchTreeFacetData"},"subCategories":["v2WINBUBCHA","v2WINBUBCAV","v2WINBUBSPA"],"__typename":"CategorySearchTreeData"},"__typename":"CategorySearchTreeLevelDataList"},{"categoryCode":"v2HYGPHA","categoryData":{"facetData":{"count":173,"name":"Parafarmaceutische producten","nameNonLocalized":"Parapharmaceutical products","query":{"query":{"value":":relevance:facetCategories:v2HYGPHA%7Cv2HYG","__typename":"InternalPageQuery"},"url":"/nl-be/shop/search?q=%3Arelevance%3AfacetCategories%3Av2HYGPHA%257Cv2HYG","__typename":"PageQuery"},"selected":false,"__typename":"CategorySearchTreeFacetData"},"subCategories":["v2HYGPHAOTH","v2HYGPHASEX","v2HYGPHAFEE","v2HYGPHABAN"],"__typename":"CategorySearchTreeData"},"__typename":"CategorySearchTreeLevelDataList"},{"categoryCode":"v2BIOFAI","categoryData":{"facetData":{"count":168,"name":"Fairtrade","nameNonLocalized":"Fairtrade","query":{"query":{"value":":relevance:facetCategories:v2BIOFAI%7Cv2BIO","__typename":"InternalPageQuery"},"url":"/nl-be/shop/search?q=%3Arelevance%3AfacetCategories%3Av2BIOFAI%257Cv2BIO","__typename":"PageQuery"},"selected":false,"__typename":"CategorySearchTreeFacetData"},"subCategories":["v2BIOFAISWE","v2BIOFAIDRI"],"__typename":"CategorySearchTreeData"},"__typename":"CategorySearchTreeLevelDataList"},{"categoryCode":"v2CLETOI","categoryData":{"facetData":{"count":160,"name":"Toiletten","nameNonLocalized":"Toilets","query":{"query":{"value":":relevance:facetCategories:v2CLETOI%7Cv2CLE","__typename":"InternalPageQuery"},"url":"/nl-be/shop/search?q=%3Arelevance%3AfacetCategories%3Av2CLETOI%257Cv2CLE","__typename":"PageQuery"},"selected":false,"__typename":"CategorySearchTreeFacetData"},"subCategories":["v2CLETOICLE","v2CLETOISME","v2CLETOITOI"],"__typename":"CategorySearchTreeData"},"__typename":"CategorySearchTreeLevelDataList"},{"categoryCode":"v2HYGMAK","categoryData":{"facetData":{"count":155,"name":"Makeup and makeup accessoires","nameNonLocalized":"Makeup and makeup accessories","query":{"query":{"value":":relevance:facetCategories:v2HYGMAK%7Cv2HYG","__typename":"InternalPageQuery"},"url":"/nl-be/shop/search?q=%3Arelevance%3AfacetCategories%3Av2HYGMAK%257Cv2HYG","__typename":"PageQuery"},"selected":false,"__typename":"CategorySearchTreeFacetData"},"subCategories":["v2HYGMAKMAK"],"__typename":"CategorySearchTreeData"},"__typename":"CategorySearchTreeLevelDataList"},{"categoryCode":"v2HYGINT","categoryData":{"facetData":{"count":152,"name":"Intieme hygiëne","nameNonLocalized":"Intimate hygiene","query":{"query":{"value":":relevance:facetCategories:v2HYGINT%7Cv2HYG","__typename":"InternalPageQuery"},"url":"/nl-be/shop/search?q=%3Arelevance%3AfacetCategories%3Av2HYGINT%257Cv2HYG","__typename":"PageQuery"},"selected":false,"__typename":"CategorySearchTreeFacetData"},"subCategories":["v2HYGINTINC","v2HYGINTTIS","v2HYGINTTAM"],"__typename":"CategorySearchTreeData"},"__typename":"CategorySearchTreeLevelDataList"},{"categoryCode":"v2DRIMIL","categoryData":{"facetData":{"count":137,"name":"Melk en alternatieven","nameNonLocalized":"Milk and alternatives","query":{"query":{"value":":relevance:facetCategories:v2DRIMIL%7Cv2DRI","__typename":"InternalPageQuery"},"url":"/nl-be/shop/search?q=%3Arelevance%3AfacetCategories%3Av2DRIMIL%257Cv2DRI","__typename":"PageQuery"},"selected":false,"__typename":"CategorySearchTreeFacetData"},"subCategories":["v2DRIMILVEG"],"__typename":"CategorySearchTreeData"},"__typename":"CategorySearchTreeLevelDataList"},{"categoryCode":"v2FROVEG","categoryData":{"facetData":{"count":131,"name":"Diepvries groenten, soepen en kruiden","nameNonLocalized":"Vegetables, soups and spicies","query":{"query":{"value":":relevance:facetCategories:v2FROVEG%7Cv2FRO","__typename":"InternalPageQuery"},"url":"/nl-be/shop/search?q=%3Arelevance%3AfacetCategories%3Av2FROVEG%257Cv2FRO","__typename":"PageQuery"},"selected":false,"__typename":"CategorySearchTreeFacetData"},"subCategories":["v2FROVEGRAW","v2FROVEGPRE"],"__typename":"CategorySearchTreeData"},"__typename":"CategorySearchTreeLevelDataList"},{"categoryCode":"v2DELAPE","categoryData":{"facetData":{"count":129,"name":"Aperitiefhapjes","nameNonLocalized":"Appetizers","query":{"query":{"value":":relevance:facetCategories:v2DELAPE%7Cv2DEL","__typename":"InternalPageQuery"},"url":"/nl-be/shop/search?q=%3Arelevance%3AfacetCategories%3Av2DELAPE%257Cv2DEL","__typename":"PageQuery"},"selected":false,"__typename":"CategorySearchTreeFacetData"},"subCategories":["v2DELAPETAP","v2DELAPEDIP"],"__typename":"CategorySearchTreeData"},"__typename":"CategorySearchTreeLevelDataList"},{"categoryCode":"v2MEAMEA","categoryData":{"facetData":{"count":126,"name":"Vers vlees","nameNonLocalized":"Fresh meat","query":{"query":{"value":":relevance:facetCategories:v2MEAMEA%7Cv2MEA","__typename":"InternalPageQuery"},"url":"/nl-be/shop/search?q=%3Arelevance%3AfacetCategories%3Av2MEAMEA%257Cv2MEA","__typename":"PageQuery"},"selected":false,"__typename":"CategorySearchTreeFacetData"},"subCategories":["v2MEAMEABEE","v2MEAMEAPOR"],"__typename":"CategorySearchTreeData"},"__typename":"CategorySearchTreeLevelDataList"},{"categoryCode":"v2SPELAC","categoryData":{"facetData":{"count":126,"name":"Zéro lactose","nameNonLocalized":"Lactose-free","query":{"query":{"value":":relevance:facetCategories:v2SPELAC%7Cv2SPE","__typename":"InternalPageQuery"},"url":"/nl-be/shop/search?q=%3Arelevance%3AfacetCategories%3Av2SPELAC%257Cv2SPE","__typename":"PageQuery"},"selected":false,"__typename":"CategorySearchTreeFacetData"},"subCategories":["V2SPELACMIL","v2SPELACYAO"],"__typename":"CategorySearchTreeData"},"__typename":"CategorySearchTreeLevelDataList"},{"categoryCode":"v2MEAVEG","categoryData":{"facetData":{"count":125,"name":"Vegetarisch","nameNonLocalized":"Vegetarian","query":{"query":{"value":":relevance:facetCategories:v2MEAVEG%7Cv2MEA","__typename":"InternalPageQuery"},"url":"/nl-be/shop/search?q=%3Arelevance%3AfacetCategories%3Av2MEAVEG%257Cv2MEA","__typename":"PageQuery"},"selected":false,"__typename":"CategorySearchTreeFacetData"},"subCategories":["v2MEAVEGSID"],"__typename":"CategorySearchTreeData"},"__typename":"CategorySearchTreeLevelDataList"},{"categoryCode":"v2PETDOG","categoryData":{"facetData":{"count":123,"name":"Honden","nameNonLocalized":"Dogs","query":{"query":{"value":":relevance:facetCategories:v2PETDOG%7Cv2PET","__typename":"InternalPageQuery"},"url":"/nl-be/shop/search?q=%3Arelevance%3AfacetCategories%3Av2PETDOG%257Cv2PET","__typename":"PageQuery"},"selected":false,"__typename":"CategorySearchTreeFacetData"},"subCategories":["v2PETDOGSNA","v2PETDOGDRY","v2PETDOGWET"],"__typename":"CategorySearchTreeData"},"__typename":"CategorySearchTreeLevelDataList"},{"categoryCode":"v2SALSOU","categoryData":{"facetData":{"count":120,"name":"Soepen","nameNonLocalized":"Soups","query":{"query":{"value":":relevance:facetCategories:v2SALSOU%7Cv2SAL","__typename":"InternalPageQuery"},"url":"/nl-be/shop/search?q=%3Arelevance%3AfacetCategories%3Av2SALSOU%257Cv2SAL","__typename":"PageQuery"},"selected":false,"__typename":"CategorySearchTreeFacetData"},"subCategories":["v2SALSOUBIG","v2SALSOUFRE","v2SALSOUINS"],"__typename":"CategorySearchTreeData"},"__typename":"CategorySearchTreeLevelDataList"},{"categoryCode":"v2CANFIS","categoryData":{"facetData":{"count":115,"name":"Vis in conserve","nameNonLocalized":"Canned fish","query":{"query":{"value":":relevance:facetCategories:v2CANFIS%7Cv2CAN","__typename":"InternalPageQuery"},"url":"/nl-be/shop/search?q=%3Arelevance%3AfacetCategories%3Av2CANFIS%257Cv2CAN","__typename":"PageQuery"},"selected":false,"__typename":"CategorySearchTreeFacetData"},"subCategories":["v2CANFISTUN"],"__typename":"CategorySearchTreeData"},"__typename":"CategorySearchTreeLevelDataList"},{"categoryCode":"v2CLEKIT","categoryData":{"facetData":{"count":115,"name":"Keuken","nameNonLocalized":"Kitchen","query":{"query":{"value":":relevance:facetCategories:v2CLEKIT%7Cv2CLE","__typename":"InternalPageQuery"},"url":"/nl-be/shop/search?q=%3Arelevance%3AfacetCategories%3Av2CLEKIT%257Cv2CLE","__typename":"PageQuery"},"selected":false,"__typename":"CategorySearchTreeFacetData"},"subCategories":["v2CLEKITDIS","v2CLEKITLIQ","v2CLEKITALU"],"__typename":"CategorySearchTreeData"},"__typename":"CategorySearchTreeLevelDataList"},{"categoryCode":"v2DRIJUI","categoryData":{"facetData":{"count":115,"name":"Fruitsappen","nameNonLocalized":"Fruit juces","query":{"query":{"value":":relevance:facetCategories:v2DRIJUI%7Cv2DRI","__typename":"InternalPageQuery"},"url":"/nl-be/shop/search?q=%3Arelevance%3AfacetCategories%3Av2DRIJUI%257Cv2DRI","__typename":"PageQuery"},"selected":false,"__typename":"CategorySearchTreeFacetData"},"subCategories":["v2DRIJUIAPP","v2DRIJUIMUL","v2DRIJUIOTH"],"__typename":"CategorySearchTreeData"},"__typename":"CategorySearchTreeLevelDataList"},{"categoryCode":"v2DELDIS","categoryData":{"facetData":{"count":114,"name":"Opwarmbare gerechten","nameNonLocalized":"Main courses","query":{"query":{"value":":relevance:facetCategories:v2DELDIS%7Cv2DEL","__typename":"InternalPageQuery"},"url":"/nl-be/shop/search?q=%3Arelevance%3AfacetCategories%3Av2DELDIS%257Cv2DEL","__typename":"PageQuery"},"selected":false,"__typename":"CategorySearchTreeFacetData"},"subCategories":["v2DELDISOTH","v2DELDISPAS"],"__typename":"CategorySearchTreeData"},"__typename":"CategorySearchTreeLevelDataList"},{"categoryCode":"v2FRUDRY","categoryData":{"facetData":{"count":114,"name":"Gedroogd fruit en noten","nameNonLocalized":"Dried fruits and nuts","query":{"query":{"value":":relevance:facetCategories:v2FRUDRY%7Cv2FRU","__typename":"InternalPageQuery"},"url":"/nl-be/shop/search?q=%3Arelevance%3AfacetCategories%3Av2FRUDRY%257Cv2FRU","__typename":"PageQuery"},"selected":false,"__typename":"CategorySearchTreeFacetData"},"subCategories":["v2FRUDRYNUT","v2FRUDRYDRY"],"__typename":"CategorySearchTreeData"},"__typename":"CategorySearchTreeLevelDataList"},{"categoryCode":"v2CANFRU","categoryData":{"facetData":{"count":110,"name":"Fruit in conserve en compote","nameNonLocalized":"Canned fruits and compotes","query":{"query":{"value":":relevance:facetCategories:v2CANFRU%7Cv2CAN","__typename":"InternalPageQuery"},"url":"/nl-be/shop/search?q=%3Arelevance%3AfacetCategories%3Av2CANFRU%257Cv2CAN","__typename":"PageQuery"},"selected":false,"__typename":"CategorySearchTreeFacetData"},"subCategories":["v2CANFRUFRU","v2CANFRUCOM"],"__typename":"CategorySearchTreeData"},"__typename":"CategorySearchTreeLevelDataList"},{"categoryCode":"v2MEAPOU","categoryData":{"facetData":{"count":109,"name":"Gevogelte en konijn","nameNonLocalized":"Poultry and rabbit","query":{"query":{"value":":relevance:facetCategories:v2MEAPOU%7Cv2MEA","__typename":"InternalPageQuery"},"url":"/nl-be/shop/search?q=%3Arelevance%3AfacetCategories%3Av2MEAPOU%257Cv2MEA","__typename":"PageQuery"},"selected":false,"__typename":"CategorySearchTreeFacetData"},"subCategories":["v2MEAPOUCHI"],"__typename":"CategorySearchTreeData"},"__typename":"CategorySearchTreeLevelDataList"},{"categoryCode":"v2BABHYG","categoryData":{"facetData":{"count":99,"name":"Hygiëne","nameNonLocalized":"Hygiene","query":{"query":{"value":":relevance:facetCategories:v2BABHYG%7Cv2BAB","__typename":"InternalPageQuery"},"url":"/nl-be/shop/search?q=%3Arelevance%3AfacetCategories%3Av2BABHYG%257Cv2BAB","__typename":"PageQuery"},"selected":false,"__typename":"CategorySearchTreeFacetData"},"subCategories":["v2BABHYGDIA","v2BABHYGWIP","v2BABHYGCAR"],"__typename":"CategorySearchTreeData"},"__typename":"CategorySearchTreeLevelDataList"},{"categoryCode":"v2FRUFRU","categoryData":{"facetData":{"count":99,"name":"Vers Fruit","nameNonLocalized":"Fresh fruits","query":{"query":{"value":":relevance:facetCategories:v2FRUFRU%7Cv2FRU","__typename":"InternalPageQuery"},"url":"/nl-be/shop/search?q=%3Arelevance%3AfacetCategories%3Av2FRUFRU%257Cv2FRU","__typename":"PageQuery"},"selected":false,"__typename":"CategorySearchTreeFacetData"},"subCategories":["v2FRUFRUAPP"],"__typename":"CategorySearchTreeData"},"__typename":"CategorySearchTreeLevelDataList"},{"categoryCode":"v2MEAPRE","categoryData":{"facetData":{"count":99,"name":"Bereidingen","nameNonLocalized":"Preparations","query":{"query":{"value":":relevance:facetCategories:v2MEAPRE%7Cv2MEA","__typename":"InternalPageQuery"},"url":"/nl-be/shop/search?q=%3Arelevance%3AfacetCategories%3Av2MEAPRE%257Cv2MEA","__typename":"PageQuery"},"selected":false,"__typename":"CategorySearchTreeFacetData"},"subCategories":["v2MEAPREOTH"],"__typename":"CategorySearchTreeData"},"__typename":"CategorySearchTreeLevelDataList"},{"categoryCode":"v2NONACC","categoryData":{"facetData":{"count":96,"name":"Keukengerei en accessoires","nameNonLocalized":"Kitchen utensils and accessories","query":{"query":{"value":":relevance:facetCategories:v2NONACC%7Cv2NON","__typename":"InternalPageQuery"},"url":"/nl-be/shop/search?q=%3Arelevance%3AfacetCategories%3Av2NONACC%257Cv2NON","__typename":"PageQuery"},"selected":false,"__typename":"CategorySearchTreeFacetData"},"subCategories":["v2NONACCPLA","v2NONACCKIT"],"__typename":"CategorySearchTreeData"},"__typename":"CategorySearchTreeLevelDataList"},{"categoryCode":"v2SALOIL","categoryData":{"facetData":{"count":93,"name":"Olie en azijn","nameNonLocalized":"Oil and vinegar","query":{"query":{"value":":relevance:facetCategories:v2SALOIL%7Cv2SAL","__typename":"InternalPageQuery"},"url":"/nl-be/shop/search?q=%3Arelevance%3AfacetCategories%3Av2SALOIL%257Cv2SAL","__typename":"PageQuery"},"selected":false,"__typename":"CategorySearchTreeFacetData"},"subCategories":["v2SALOILVIN"],"__typename":"CategorySearchTreeData"},"__typename":"CategorySearchTreeLevelDataList"},{"categoryCode":"v2NONDEC","categoryData":{"facetData":{"count":92,"name":"Huisdecoratie","nameNonLocalized":"Home decoration","query":{"query":{"value":":relevance:facetCategories:v2NONDEC%7Cv2NON","__typename":"InternalPageQuery"},"url":"/nl-be/shop/search?q=%3Arelevance%3AfacetCategories%3Av2NONDEC%257Cv2NON","__typename":"PageQuery"},"selected":false,"__typename":"CategorySearchTreeFacetData"},"subCategories":["v2NONDECCAN"],"__typename":"CategorySearchTreeData"},"__typename":"CategorySearchTreeLevelDataList"},{"categoryCode":"v2SALCUL","categoryData":{"facetData":{"count":92,"name":"Kookhulpmiddelen","nameNonLocalized":"Cooking aids","query":{"query":{"value":":relevance:facetCategories:v2SALCUL%7Cv2SAL","__typename":"InternalPageQuery"},"url":"/nl-be/shop/search?q=%3Arelevance%3AfacetCategories%3Av2SALCUL%257Cv2SAL","__typename":"PageQuery"},"selected":false,"__typename":"CategorySearchTreeFacetData"},"subCategories":["v2SALCULBOU","v2SALCULSTO"],"__typename":"CategorySearchTreeData"},"__typename":"CategorySearchTreeLevelDataList"},{"categoryCode":"v2DAIBUT","categoryData":{"facetData":{"count":91,"name":"Boter en margarine","nameNonLocalized":"Butter and margarine","query":{"query":{"value":":relevance:facetCategories:v2DAIBUT%7Cv2DAI","__typename":"InternalPageQuery"},"url":"/nl-be/shop/search?q=%3Arelevance%3AfacetCategories%3Av2DAIBUT%257Cv2DAI","__typename":"PageQuery"},"selected":false,"__typename":"CategorySearchTreeFacetData"},"subCategories":["v2DAIBUTSPRE","v2DAIBUTSWE"],"__typename":"CategorySearchTreeData"},"__typename":"CategorySearchTreeLevelDataList"},{"categoryCode":"v2DRIWAT","categoryData":{"facetData":{"count":88,"name":"Water","nameNonLocalized":"Waters","query":{"query":{"value":":relevance:facetCategories:v2DRIWAT%7Cv2DRI","__typename":"InternalPageQuery"},"url":"/nl-be/shop/search?q=%3Arelevance%3AfacetCategories%3Av2DRIWAT%257Cv2DRI","__typename":"PageQuery"},"selected":false,"__typename":"CategorySearchTreeFacetData"},"subCategories":["v2DRIWATSTI","v2DRIWATFLA"],"__typename":"CategorySearchTreeData"},"__typename":"CategorySearchTreeLevelDataList"},{"categoryCode":"v2FRUJUI","categoryData":{"facetData":{"count":86,"name":"Vers fruitsappen en Smoothies","nameNonLocalized":"Fresh fruit juices and Smoothies","query":{"query":{"value":":relevance:facetCategories:v2FRUJUI%7Cv2FRU","__typename":"InternalPageQuery"},"url":"/nl-be/shop/search?q=%3Arelevance%3AfacetCategories%3Av2FRUJUI%257Cv2FRU","__typename":"PageQuery"},"selected":false,"__typename":"CategorySearchTreeFacetData"},"subCategories":["v2FRUJUISAP"],"__typename":"CategorySearchTreeData"},"__typename":"CategorySearchTreeLevelDataList"},{"categoryCode":"v2DAIDES","categoryData":{"facetData":{"count":85,"name":"Dessert","nameNonLocalized":"Dessert","query":{"query":{"value":":relevance:facetCategories:v2DAIDES%7Cv2DAI","__typename":"InternalPageQuery"},"url":"/nl-be/shop/search?q=%3Arelevance%3AfacetCategories%3Av2DAIDES%257Cv2DAI","__typename":"PageQuery"},"selected":false,"__typename":"CategorySearchTreeFacetData"},"subCategories":["v2DAIDESPUD"],"__typename":"CategorySearchTreeData"},"__typename":"CategorySearchTreeLevelDataList"},{"categoryCode":"v2HYGNAT","categoryData":{"facetData":{"count":80,"name":"Natural cosmetic","nameNonLocalized":"Natural cosmetics","query":{"query":{"value":":relevance:facetCategories:v2HYGNAT%7Cv2HYG","__typename":"InternalPageQuery"},"url":"/nl-be/shop/search?q=%3Arelevance%3AfacetCategories%3Av2HYGNAT%257Cv2HYG","__typename":"PageQuery"},"selected":false,"__typename":"CategorySearchTreeFacetData"},"subCategories":["v2HYGNATBOD"],"__typename":"CategorySearchTreeData"},"__typename":"CategorySearchTreeLevelDataList"},{"categoryCode":"v2NONSTA","categoryData":{"facetData":{"count":80,"name":"Papierwaren","nameNonLocalized":"Stationery","query":{"query":{"value":":relevance:facetCategories:v2NONSTA%7Cv2NON","__typename":"InternalPageQuery"},"url":"/nl-be/shop/search?q=%3Arelevance%3AfacetCategories%3Av2NONSTA%257Cv2NON","__typename":"PageQuery"},"selected":false,"__typename":"CategorySearchTreeFacetData"},"subCategories":["v2NONSTAWRI"],"__typename":"CategorySearchTreeData"},"__typename":"CategorySearchTreeLevelDataList"},{"categoryCode":"v2EOYMEA","categoryData":{"facetData":{"count":79,"name":"Vlees en wild","nameNonLocalized":"Meat and game","query":{"query":{"value":":relevance:facetCategories:v2EOYMEA%7Cv2EOY","__typename":"InternalPageQuery"},"url":"/nl-be/shop/search?q=%3Arelevance%3AfacetCategories%3Av2EOYMEA%257Cv2EOY","__typename":"PageQuery"},"selected":false,"__typename":"CategorySearchTreeFacetData"},"subCategories":[],"__typename":"CategorySearchTreeData"},"__typename":"CategorySearchTreeLevelDataList"},{"categoryCode":"v2DAIMIL","categoryData":{"facetData":{"count":78,"name":"Melk","nameNonLocalized":"Milk","query":{"query":{"value":":relevance:facetCategories:v2DAIMIL%7Cv2DAI","__typename":"InternalPageQuery"},"url":"/nl-be/shop/search?q=%3Arelevance%3AfacetCategories%3Av2DAIMIL%257Cv2DAI","__typename":"PageQuery"},"selected":false,"__typename":"CategorySearchTreeFacetData"},"subCategories":[],"__typename":"CategorySearchTreeData"},"__typename":"CategorySearchTreeLevelDataList"},{"categoryCode":"v2FROMEA","categoryData":{"facetData":{"count":77,"name":"Vlees en vis","nameNonLocalized":"Meat and fish","query":{"query":{"value":":relevance:facetCategories:v2FROMEA%7Cv2FRO","__typename":"InternalPageQuery"},"url":"/nl-be/shop/search?q=%3Arelevance%3AfacetCategories%3Av2FROMEA%257Cv2FRO","__typename":"PageQuery"},"selected":false,"__typename":"CategorySearchTreeFacetData"},"subCategories":["v2FROMEAFIS"],"__typename":"CategorySearchTreeData"},"__typename":"CategorySearchTreeLevelDataList"},{"categoryCode":"v2FRUREA","categoryData":{"facetData":{"count":77,"name":"Gebruiksklare groenten","nameNonLocalized":"Vegetables ready to use","query":{"query":{"value":":relevance:facetCategories:v2FRUREA%7Cv2FRU","__typename":"InternalPageQuery"},"url":"/nl-be/shop/search?q=%3Arelevance%3AfacetCategories%3Av2FRUREA%257Cv2FRU","__typename":"PageQuery"},"selected":false,"__typename":"CategorySearchTreeFacetData"},"subCategories":["v2FRUREAPRE","v2FRUREASEA"],"__typename":"CategorySearchTreeData"},"__typename":"CategorySearchTreeLevelDataList"},{"categoryCode":"v2MEASPR","categoryData":{"facetData":{"count":75,"name":"Vlees, vis en vegetarische salades","nameNonLocalized":"Meat, fish and vegetarian spreads","query":{"query":{"value":":relevance:facetCategories:v2MEASPR%7Cv2MEA","__typename":"InternalPageQuery"},"url":"/nl-be/shop/search?q=%3Arelevance%3AfacetCategories%3Av2MEASPR%257Cv2MEA","__typename":"PageQuery"},"selected":false,"__typename":"CategorySearchTreeFacetData"},"subCategories":["v2MEASPRMEA","v2MEASPRFIS"],"__typename":"CategorySearchTreeData"},"__typename":"CategorySearchTreeLevelDataList"},{"categoryCode":"v2BABSNA","categoryData":{"facetData":{"count":74,"name":"Snacks baby","nameNonLocalized":"Snacks baby","query":{"query":{"value":":relevance:facetCategories:v2BABSNA%7Cv2BAB","__typename":"InternalPageQuery"},"url":"/nl-be/shop/search?q=%3Arelevance%3AfacetCategories%3Av2BABSNA%257Cv2BAB","__typename":"PageQuery"},"selected":false,"__typename":"CategorySearchTreeFacetData"},"subCategories":["v2BABSNAFRU","v2BABSNACOM"],"__typename":"CategorySearchTreeData"},"__typename":"CategorySearchTreeLevelDataList"},{"categoryCode":"v2FROPRE","categoryData":{"facetData":{"count":72,"name":"Bereide schotels","nameNonLocalized":"Prepared meals","query":{"query":{"value":":relevance:facetCategories:v2FROPRE%7Cv2FRO","__typename":"InternalPageQuery"},"url":"/nl-be/shop/search?q=%3Arelevance%3AfacetCategories%3Av2FROPRE%257Cv2FRO","__typename":"PageQuery"},"selected":false,"__typename":"CategorySearchTreeFacetData"},"subCategories":["v2FROPREAPP","v2FROPRECOU"],"__typename":"CategorySearchTreeData"},"__typename":"CategorySearchTreeLevelDataList"},{"categoryCode":"v2SPEGLU","categoryData":{"facetData":{"count":69,"name":"Glutenvrij","nameNonLocalized":"Gluten-free","query":{"query":{"value":":relevance:facetCategories:v2SPEGLU%7Cv2SPE","__typename":"InternalPageQuery"},"url":"/nl-be/shop/search?q=%3Arelevance%3AfacetCategories%3Av2SPEGLU%257Cv2SPE","__typename":"PageQuery"},"selected":false,"__typename":"CategorySearchTreeFacetData"},"subCategories":["v2SPEGLUSBIS"],"__typename":"CategorySearchTreeData"},"__typename":"CategorySearchTreeLevelDataList"},{"categoryCode":"v2CANSOU","categoryData":{"facetData":{"count":67,"name":"Soep in conserve","nameNonLocalized":"Canned soups","query":{"query":{"value":":relevance:facetCategories:v2CANSOU%7Cv2CAN","__typename":"InternalPageQuery"},"url":"/nl-be/shop/search?q=%3Arelevance%3AfacetCategories%3Av2CANSOU%257Cv2CAN","__typename":"PageQuery"},"selected":false,"__typename":"CategorySearchTreeFacetData"},"subCategories":["v2CANSOUBIG"],"__typename":"CategorySearchTreeData"},"__typename":"CategorySearchTreeLevelDataList"},{"categoryCode":"v2BAKPRE","categoryData":{"facetData":{"count":65,"name":"Voorverpakt brood","nameNonLocalized":"Prepacked bread","query":{"query":{"value":":relevance:facetCategories:v2BAKPRE%7Cv2BAK","__typename":"InternalPageQuery"},"url":"/nl-be/shop/search?q=%3Arelevance%3AfacetCategories%3Av2BAKPRE%257Cv2BAK","__typename":"PageQuery"},"selected":false,"__typename":"CategorySearchTreeFacetData"},"subCategories":["v2BAKPREOTH"],"__typename":"CategorySearchTreeData"},"__typename":"CategorySearchTreeLevelDataList"},{"categoryCode":"v2DELSID","categoryData":{"facetData":{"count":65,"name":"Bijproducten en maaltijdcomponenten","nameNonLocalized":"Side dishes","query":{"query":{"value":":relevance:facetCategories:v2DELSID%7Cv2DEL","__typename":"InternalPageQuery"},"url":"/nl-be/shop/search?q=%3Arelevance%3AfacetCategories%3Av2DELSID%257Cv2DEL","__typename":"PageQuery"},"selected":false,"__typename":"CategorySearchTreeFacetData"},"subCategories":["v2DELSIDPOT"],"__typename":"CategorySearchTreeData"},"__typename":"CategorySearchTreeLevelDataList"},{"categoryCode":"v2DELPAS","categoryData":{"facetData":{"count":63,"name":"Verse pasta en pastasauzen","nameNonLocalized":"Fresh Pasta and sauces","query":{"query":{"value":":relevance:facetCategories:v2DELPAS%7Cv2DEL","__typename":"InternalPageQuery"},"url":"/nl-be/shop/search?q=%3Arelevance%3AfacetCategories%3Av2DELPAS%257Cv2DEL","__typename":"PageQuery"},"selected":false,"__typename":"CategorySearchTreeFacetData"},"subCategories":["v2DELPASFIL"],"__typename":"CategorySearchTreeData"},"__typename":"CategorySearchTreeLevelDataList"},{"categoryCode":"v2EOYAPE","categoryData":{"facetData":{"count":61,"name":"Aperitieven en foie gras","nameNonLocalized":"Aperitives and foie gras","query":{"query":{"value":":relevance:facetCategories:v2EOYAPE%7Cv2EOY","__typename":"InternalPageQuery"},"url":"/nl-be/shop/search?q=%3Arelevance%3AfacetCategories%3Av2EOYAPE%257Cv2EOY","__typename":"PageQuery"},"selected":false,"__typename":"CategorySearchTreeFacetData"},"subCategories":[],"__typename":"CategorySearchTreeData"},"__typename":"CategorySearchTreeLevelDataList"},{"categoryCode":"v2FROPOT","categoryData":{"facetData":{"count":61,"name":"Frieten en aardappelproducten","nameNonLocalized":"Frozen fries and potato products","query":{"query":{"value":":relevance:facetCategories:v2FROPOT%7Cv2FRO","__typename":"InternalPageQuery"},"url":"/nl-be/shop/search?q=%3Arelevance%3AfacetCategories%3Av2FROPOT%257Cv2FRO","__typename":"PageQuery"},"selected":false,"__typename":"CategorySearchTreeFacetData"},"subCategories":["v2FROPOTFRI"],"__typename":"CategorySearchTreeData"},"__typename":"CategorySearchTreeLevelDataList"},{"categoryCode":"v2WINROS","categoryData":{"facetData":{"count":61,"name":"Rosé wijn","nameNonLocalized":"Rosé wine","query":{"query":{"value":":relevance:facetCategories:v2WINROS%7Cv2WIN","__typename":"InternalPageQuery"},"url":"/nl-be/shop/search?q=%3Arelevance%3AfacetCategories%3Av2WINROS%257Cv2WIN","__typename":"PageQuery"},"selected":false,"__typename":"CategorySearchTreeFacetData"},"subCategories":["v2WINROSFRA"],"__typename":"CategorySearchTreeData"},"__typename":"CategorySearchTreeLevelDataList"},{"categoryCode":"v2DAIMILVEG","categoryData":{"facetData":{"count":59,"name":"Plantaardige dranken","nameNonLocalized":"Vegetal drinks","query":{"query":{"value":":relevance:facetCategories:v2DAIMILVEG%7Cv2DAI","__typename":"InternalPageQuery"},"url":"/nl-be/shop/search?q=%3Arelevance%3AfacetCategories%3Av2DAIMILVEG%257Cv2DAI","__typename":"PageQuery"},"selected":false,"__typename":"CategorySearchTreeFacetData"},"subCategories":[],"__typename":"CategorySearchTreeData"},"__typename":"CategorySearchTreeLevelDataList"},{"categoryCode":"v2BAKPAS","categoryData":{"facetData":{"count":58,"name":"Patisserie","nameNonLocalized":"Pastries","query":{"query":{"value":":relevance:facetCategories:v2BAKPAS%7Cv2BAK","__typename":"InternalPageQuery"},"url":"/nl-be/shop/search?q=%3Arelevance%3AfacetCategories%3Av2BAKPAS%257Cv2BAK","__typename":"PageQuery"},"selected":false,"__typename":"CategorySearchTreeFacetData"},"subCategories":["v2BAKPASTAR","v2BAKPASBIS"],"__typename":"CategorySearchTreeData"},"__typename":"CategorySearchTreeLevelDataList"},{"categoryCode":"v2EOYDES","categoryData":{"facetData":{"count":58,"name":"Desserts en kaasschotels","nameNonLocalized":"Desserts and cheese platters","query":{"query":{"value":":relevance:facetCategories:v2EOYDES%7Cv2EOY","__typename":"InternalPageQuery"},"url":"/nl-be/shop/search?q=%3Arelevance%3AfacetCategories%3Av2EOYDES%257Cv2EOY","__typename":"PageQuery"},"selected":false,"__typename":"CategorySearchTreeFacetData"},"subCategories":[],"__typename":"CategorySearchTreeData"},"__typename":"CategorySearchTreeLevelDataList"},{"categoryCode":"v2DRISYR","categoryData":{"facetData":{"count":57,"name":"Siropen","nameNonLocalized":"Syrups","query":{"query":{"value":":relevance:facetCategories:v2DRISYR%7Cv2DRI","__typename":"InternalPageQuery"},"url":"/nl-be/shop/search?q=%3Arelevance%3AfacetCategories%3Av2DRISYR%257Cv2DRI","__typename":"PageQuery"},"selected":false,"__typename":"CategorySearchTreeFacetData"},"subCategories":["v2DRISYROTH"],"__typename":"CategorySearchTreeData"},"__typename":"CategorySearchTreeLevelDataList"},{"categoryCode":"v2FRODES","categoryData":{"facetData":{"count":56,"name":"Dessert","nameNonLocalized":"Dessert","query":{"query":{"value":":relevance:facetCategories:v2FRODES%7Cv2FRO","__typename":"InternalPageQuery"},"url":"/nl-be/shop/search?q=%3Arelevance%3AfacetCategories%3Av2FRODES%257Cv2FRO","__typename":"PageQuery"},"selected":false,"__typename":"CategorySearchTreeFacetData"},"subCategories":["v2FRODESPAS"],"__typename":"CategorySearchTreeData"},"__typename":"CategorySearchTreeLevelDataList"},{"categoryCode":"v2BABMEA","categoryData":{"facetData":{"count":54,"name":"Maaltijden baby","nameNonLocalized":"Meals baby","query":{"query":{"value":":relevance:facetCategories:v2BABMEA%7Cv2BAB","__typename":"InternalPageQuery"},"url":"/nl-be/shop/search?q=%3Arelevance%3AfacetCategories%3Av2BABMEA%257Cv2BAB","__typename":"PageQuery"},"selected":false,"__typename":"CategorySearchTreeFacetData"},"subCategories":["v2BABMEATWE"],"__typename":"CategorySearchTreeData"},"__typename":"CategorySearchTreeLevelDataList"},{"categoryCode":"v2CLEACC","categoryData":{"facetData":{"count":50,"name":"Poetsgerief","nameNonLocalized":"Cleaning accessories","query":{"query":{"value":":relevance:facetCategories:v2CLEACC%7Cv2CLE","__typename":"InternalPageQuery"},"url":"/nl-be/shop/search?q=%3Arelevance%3AfacetCategories%3Av2CLEACC%257Cv2CLE","__typename":"PageQuery"},"selected":false,"__typename":"CategorySearchTreeFacetData"},"subCategories":[],"__typename":"CategorySearchTreeData"},"__typename":"CategorySearchTreeLevelDataList"},{"categoryCode":"v2DAICUL","categoryData":{"facetData":{"count":49,"name":"Culinaire room en alternatieven","nameNonLocalized":"Culinary creams and alternatives","query":{"query":{"value":":relevance:facetCategories:v2DAICUL%7Cv2DAI","__typename":"InternalPageQuery"},"url":"/nl-be/shop/search?q=%3Arelevance%3AfacetCategories%3Av2DAICUL%257Cv2DAI","__typename":"PageQuery"},"selected":false,"__typename":"CategorySearchTreeFacetData"},"subCategories":["v2DAICULCRE"],"__typename":"CategorySearchTreeData"},"__typename":"CategorySearchTreeLevelDataList"},{"categoryCode":"v2SPEVEG","categoryData":{"facetData":{"count":48,"name":"Vegan","nameNonLocalized":"Vegan","query":{"query":{"value":":relevance:facetCategories:v2SPEVEG%7Cv2SPE","__typename":"InternalPageQuery"},"url":"/nl-be/shop/search?q=%3Arelevance%3AfacetCategories%3Av2SPEVEG%257Cv2SPE","__typename":"PageQuery"},"selected":false,"__typename":"CategorySearchTreeFacetData"},"subCategories":["v2SPEVEGMEA"],"__typename":"CategorySearchTreeData"},"__typename":"CategorySearchTreeLevelDataList"},{"categoryCode":"v2FROPIZ","categoryData":{"facetData":{"count":45,"name":"Pizza's","nameNonLocalized":"Pizzas","query":{"query":{"value":":relevance:facetCategories:v2FROPIZ%7Cv2FRO","__typename":"InternalPageQuery"},"url":"/nl-be/shop/search?q=%3Arelevance%3AfacetCategories%3Av2FROPIZ%257Cv2FRO","__typename":"PageQuery"},"selected":false,"__typename":"CategorySearchTreeFacetData"},"subCategories":["v2FROPIZITA"],"__typename":"CategorySearchTreeData"},"__typename":"CategorySearchTreeLevelDataList"},{"categoryCode":"v2DELSTA","categoryData":{"facetData":{"count":44,"name":"Voorgerechten","nameNonLocalized":"Starters","query":{"query":{"value":":relevance:facetCategories:v2DELSTA%7Cv2DEL","__typename":"InternalPageQuery"},"url":"/nl-be/shop/search?q=%3Arelevance%3AfacetCategories%3Av2DELSTA%257Cv2DEL","__typename":"PageQuery"},"selected":false,"__typename":"CategorySearchTreeFacetData"},"subCategories":[],"__typename":"CategorySearchTreeData"},"__typename":"CategorySearchTreeLevelDataList"},{"categoryCode":"v2DAIPRE","categoryData":{"facetData":{"count":42,"name":"Culinaire accessoires","nameNonLocalized":"Baking products","query":{"query":{"value":":relevance:facetCategories:v2DAIPRE%7Cv2DAI","__typename":"InternalPageQuery"},"url":"/nl-be/shop/search?q=%3Arelevance%3AfacetCategories%3Av2DAIPRE%257Cv2DAI","__typename":"PageQuery"},"selected":false,"__typename":"CategorySearchTreeFacetData"},"subCategories":[],"__typename":"CategorySearchTreeData"},"__typename":"CategorySearchTreeLevelDataList"},{"categoryCode":"v2SPESPO","categoryData":{"facetData":{"count":42,"name":"Sportvoeding","nameNonLocalized":"For athletes","query":{"query":{"value":":relevance:facetCategories:v2SPESPO%7Cv2SPE","__typename":"InternalPageQuery"},"url":"/nl-be/shop/search?q=%3Arelevance%3AfacetCategories%3Av2SPESPO%257Cv2SPE","__typename":"PageQuery"},"selected":false,"__typename":"CategorySearchTreeFacetData"},"subCategories":["v2SPESPOBAR"],"__typename":"CategorySearchTreeData"},"__typename":"CategorySearchTreeLevelDataList"},{"categoryCode":"v2DELSNA","categoryData":{"facetData":{"count":38,"name":"Om mee te nemen","nameNonLocalized":"Take away","query":{"query":{"value":":relevance:facetCategories:v2DELSNA%7Cv2DEL","__typename":"InternalPageQuery"},"url":"/nl-be/shop/search?q=%3Arelevance%3AfacetCategories%3Av2DELSNA%257Cv2DEL","__typename":"PageQuery"},"selected":false,"__typename":"CategorySearchTreeFacetData"},"subCategories":[],"__typename":"CategorySearchTreeData"},"__typename":"CategorySearchTreeLevelDataList"},{"categoryCode":"v2EOYSID","categoryData":{"facetData":{"count":37,"name":"Bijgerechten","nameNonLocalized":"Sides","query":{"query":{"value":":relevance:facetCategories:v2EOYSID%7Cv2EOY","__typename":"InternalPageQuery"},"url":"/nl-be/shop/search?q=%3Arelevance%3AfacetCategories%3Av2EOYSID%257Cv2EOY","__typename":"PageQuery"},"selected":false,"__typename":"CategorySearchTreeFacetData"},"subCategories":[],"__typename":"CategorySearchTreeData"},"__typename":"CategorySearchTreeLevelDataList"},{"categoryCode":"v2EOYSPI","categoryData":{"facetData":{"count":37,"name":"Alcoholische dranken","nameNonLocalized":"Spirits","query":{"query":{"value":":relevance:facetCategories:v2EOYSPI%7Cv2EOY","__typename":"InternalPageQuery"},"url":"/nl-be/shop/search?q=%3Arelevance%3AfacetCategories%3Av2EOYSPI%257Cv2EOY","__typename":"PageQuery"},"selected":false,"__typename":"CategorySearchTreeFacetData"},"subCategories":[],"__typename":"CategorySearchTreeData"},"__typename":"CategorySearchTreeLevelDataList"},{"categoryCode":"v2BABMIL","categoryData":{"facetData":{"count":35,"name":"Melk baby","nameNonLocalized":"Milk baby","query":{"query":{"value":":relevance:facetCategories:v2BABMIL%7Cv2BAB","__typename":"InternalPageQuery"},"url":"/nl-be/shop/search?q=%3Arelevance%3AfacetCategories%3Av2BABMIL%257Cv2BAB","__typename":"PageQuery"},"selected":false,"__typename":"CategorySearchTreeFacetData"},"subCategories":["v2BABMILFOL"],"__typename":"CategorySearchTreeData"},"__typename":"CategorySearchTreeLevelDataList"},{"categoryCode":"v2NONELE","categoryData":{"facetData":{"count":35,"name":"Elektriciteit","nameNonLocalized":"Electricity","query":{"query":{"value":":relevance:facetCategories:v2NONELE%7Cv2NON","__typename":"InternalPageQuery"},"url":"/nl-be/shop/search?q=%3Arelevance%3AfacetCategories%3Av2NONELE%257Cv2NON","__typename":"PageQuery"},"selected":false,"__typename":"CategorySearchTreeFacetData"},"subCategories":["v2NONELEBAT"],"__typename":"CategorySearchTreeData"},"__typename":"CategorySearchTreeLevelDataList"},{"categoryCode":"v2SALCON","categoryData":{"facetData":{"count":34,"name":"Condimenten","nameNonLocalized":"Condiments","query":{"query":{"value":":relevance:facetCategories:v2SALCON%7Cv2SAL","__typename":"InternalPageQuery"},"url":"/nl-be/shop/search?q=%3Arelevance%3AfacetCategories%3Av2SALCON%257Cv2SAL","__typename":"PageQuery"},"selected":false,"__typename":"CategorySearchTreeFacetData"},"subCategories":[],"__typename":"CategorySearchTreeData"},"__typename":"CategorySearchTreeLevelDataList"},{"categoryCode":"v2EOYWIN","categoryData":{"facetData":{"count":31,"name":"Wijn en bubbels : feestselectie","nameNonLocalized":"Wines and bubbles: festive selection","query":{"query":{"value":":relevance:facetCategories:v2EOYWIN%7Cv2EOY","__typename":"InternalPageQuery"},"url":"/nl-be/shop/search?q=%3Arelevance%3AfacetCategories%3Av2EOYWIN%257Cv2EOY","__typename":"PageQuery"},"selected":false,"__typename":"CategorySearchTreeFacetData"},"subCategories":[],"__typename":"CategorySearchTreeData"},"__typename":"CategorySearchTreeLevelDataList"},{"categoryCode":"v2SPEDIE","categoryData":{"facetData":{"count":31,"name":"Dieetproducten","nameNonLocalized":"Diet products","query":{"query":{"value":":relevance:facetCategories:v2SPEDIE%7Cv2SPE","__typename":"InternalPageQuery"},"url":"/nl-be/shop/search?q=%3Arelevance%3AfacetCategories%3Av2SPEDIE%257Cv2SPE","__typename":"PageQuery"},"selected":false,"__typename":"CategorySearchTreeFacetData"},"subCategories":[],"__typename":"CategorySearchTreeData"},"__typename":"CategorySearchTreeLevelDataList"},{"categoryCode":"v2EOYFRO","categoryData":{"facetData":{"count":30,"name":"Raclette en charcuterie","nameNonLocalized":"Raclette et charcuterie","query":{"query":{"value":":relevance:facetCategories:v2EOYFRO%7Cv2EOY","__typename":"InternalPageQuery"},"url":"/nl-be/shop/search?q=%3Arelevance%3AfacetCategories%3Av2EOYFRO%257Cv2EOY","__typename":"PageQuery"},"selected":false,"__typename":"CategorySearchTreeFacetData"},"subCategories":[],"__typename":"CategorySearchTreeData"},"__typename":"CategorySearchTreeLevelDataList"},{"categoryCode":"v2NONINS","categoryData":{"facetData":{"count":30,"name":"Insecten en planten","nameNonLocalized":"Insects and plants","query":{"query":{"value":":relevance:facetCategories:v2NONINS%7Cv2NON","__typename":"InternalPageQuery"},"url":"/nl-be/shop/search?q=%3Arelevance%3AfacetCategories%3Av2NONINS%257Cv2NON","__typename":"PageQuery"},"selected":false,"__typename":"CategorySearchTreeFacetData"},"subCategories":[],"__typename":"CategorySearchTreeData"},"__typename":"CategorySearchTreeLevelDataList"},{"categoryCode":"v2CANMEA","categoryData":{"facetData":{"count":27,"name":"Vlees in conserve","nameNonLocalized":"Canned meats","query":{"query":{"value":":relevance:facetCategories:v2CANMEA%7Cv2CAN","__typename":"InternalPageQuery"},"url":"/nl-be/shop/search?q=%3Arelevance%3AfacetCategories%3Av2CANMEA%257Cv2CAN","__typename":"PageQuery"},"selected":false,"__typename":"CategorySearchTreeFacetData"},"subCategories":[],"__typename":"CategorySearchTreeData"},"__typename":"CategorySearchTreeLevelDataList"},{"categoryCode":"v2CANPRE","categoryData":{"facetData":{"count":27,"name":"Bereide maaltijden in conserve","nameNonLocalized":"Canned ready meals","query":{"query":{"value":":relevance:facetCategories:v2CANPRE%7Cv2CAN","__typename":"InternalPageQuery"},"url":"/nl-be/shop/search?q=%3Arelevance%3AfacetCategories%3Av2CANPRE%257Cv2CAN","__typename":"PageQuery"},"selected":false,"__typename":"CategorySearchTreeFacetData"},"subCategories":[],"__typename":"CategorySearchTreeData"},"__typename":"CategorySearchTreeLevelDataList"},{"categoryCode":"v2FRUBOX","categoryData":{"facetData":{"count":25,"name":"Maaltijdboxen","nameNonLocalized":"Meal boxes","query":{"query":{"value":":relevance:facetCategories:v2FRUBOX%7Cv2FRU","__typename":"InternalPageQuery"},"url":"/nl-be/shop/search?q=%3Arelevance%3AfacetCategories%3Av2FRUBOX%257Cv2FRU","__typename":"PageQuery"},"selected":false,"__typename":"CategorySearchTreeFacetData"},"subCategories":[],"__typename":"CategorySearchTreeData"},"__typename":"CategorySearchTreeLevelDataList"},{"categoryCode":"v2CLETRA","categoryData":{"facetData":{"count":24,"name":"Vuilniszakken","nameNonLocalized":"Garbage bags","query":{"query":{"value":":relevance:facetCategories:v2CLETRA%7Cv2CLE","__typename":"InternalPageQuery"},"url":"/nl-be/shop/search?q=%3Arelevance%3AfacetCategories%3Av2CLETRA%257Cv2CLE","__typename":"PageQuery"},"selected":false,"__typename":"CategorySearchTreeFacetData"},"subCategories":[],"__typename":"CategorySearchTreeData"},"__typename":"CategorySearchTreeLevelDataList"},{"categoryCode":"v2HYGTIS","categoryData":{"facetData":{"count":24,"name":"Zakdoeken","nameNonLocalized":"Tissues","query":{"query":{"value":":relevance:facetCategories:v2HYGTIS%7Cv2HYG","__typename":"InternalPageQuery"},"url":"/nl-be/shop/search?q=%3Arelevance%3AfacetCategories%3Av2HYGTIS%257Cv2HYG","__typename":"PageQuery"},"selected":false,"__typename":"CategorySearchTreeFacetData"},"subCategories":[],"__typename":"CategorySearchTreeData"},"__typename":"CategorySearchTreeLevelDataList"},{"categoryCode":"v2FRUSOU","categoryData":{"facetData":{"count":23,"name":"Verse soepen","nameNonLocalized":"Fresh soupes","query":{"query":{"value":":relevance:facetCategories:v2FRUSOU%7Cv2FRU","__typename":"InternalPageQuery"},"url":"/nl-be/shop/search?q=%3Arelevance%3AfacetCategories%3Av2FRUSOU%257Cv2FRU","__typename":"PageQuery"},"selected":false,"__typename":"CategorySearchTreeFacetData"},"subCategories":[],"__typename":"CategorySearchTreeData"},"__typename":"CategorySearchTreeLevelDataList"},{"categoryCode":"v2NONFIR","categoryData":{"facetData":{"count":23,"name":"Vuuraanmaak","nameNonLocalized":"Fire products","query":{"query":{"value":":relevance:facetCategories:v2NONFIR%7Cv2NON","__typename":"InternalPageQuery"},"url":"/nl-be/shop/search?q=%3Arelevance%3AfacetCategories%3Av2NONFIR%257Cv2NON","__typename":"PageQuery"},"selected":false,"__typename":"CategorySearchTreeFacetData"},"subCategories":[],"__typename":"CategorySearchTreeData"},"__typename":"CategorySearchTreeLevelDataList"},{"categoryCode":"v2CLEPAP","categoryData":{"facetData":{"count":22,"name":"Keukenrol","nameNonLocalized":"Kitchen paper","query":{"query":{"value":":relevance:facetCategories:v2CLEPAP%7Cv2CLE","__typename":"InternalPageQuery"},"url":"/nl-be/shop/search?q=%3Arelevance%3AfacetCategories%3Av2CLEPAP%257Cv2CLE","__typename":"PageQuery"},"selected":false,"__typename":"CategorySearchTreeFacetData"},"subCategories":[],"__typename":"CategorySearchTreeData"},"__typename":"CategorySearchTreeLevelDataList"}],"level":"2","__typename":"CategorySearchTreeLevel"},{"categoryDataList":[{"categoryCode":"v2DRIHOTCOF","categoryData":{"facetData":{"count":366,"name":"Koffie","nameNonLocalized":"Coffee","query":{"query":{"value":":relevance:facetCategories:v2DRIHOTCOF%7Cv2DRIHOT%7Cv2DRI","__typename":"InternalPageQuery"},"url":"/nl-be/shop/search?q=%3Arelevance%3AfacetCategories%3Av2DRIHOTCOF%257Cv2DRIHOT%257Cv2DRI","__typename":"PageQuery"},"selected":false,"__typename":"CategorySearchTreeFacetData"},"subCategories":["v2DRIHOTCOFNES","v2DRIHOTCOFGRO","v2DRIHOTCOFDOL","v2DRIHOTCOFGRA","v2DRIHOTCOFINS","v2DRIHOTCOFPAD"],"__typename":"CategorySearchTreeData"},"__typename":"CategorySearchTreeLevelDataList"},{"categoryCode":"v2SWEBRECOF","categoryData":{"facetData":{"count":366,"name":"Koffie","nameNonLocalized":"Coffees","query":{"query":{"value":":relevance:facetCategories:v2SWEBRECOF%7Cv2SWEBRE%7Cv2SWE","__typename":"InternalPageQuery"},"url":"/nl-be/shop/search?q=%3Arelevance%3AfacetCategories%3Av2SWEBRECOF%257Cv2SWEBRE%257Cv2SWE","__typename":"PageQuery"},"selected":false,"__typename":"CategorySearchTreeFacetData"},"subCategories":["v2SWEBRECOFNES","v2SWEBRECOFGRO","v2SWEBRECOFDOL","v2SWEBRECOFGRA","v2SWEBRECOFINS","v2SWEBRECOFPAD"],"__typename":"CategorySearchTreeData"},"__typename":"CategorySearchTreeLevelDataList"},{"categoryCode":"v2BIOISBIOSWE","categoryData":{"facetData":{"count":300,"name":"Zoete kruidenierswaren","nameNonLocalized":"Sweet","query":{"query":{"value":":relevance:facetCategories:v2BIOISBIOSWE%7Cv2BIOISBIO%7Cv2BIO","__typename":"InternalPageQuery"},"url":"/nl-be/shop/search?q=%3Arelevance%3AfacetCategories%3Av2BIOISBIOSWE%257Cv2BIOISBIO%257Cv2BIO","__typename":"PageQuery"},"selected":false,"__typename":"CategorySearchTreeFacetData"},"subCategories":["v2BIOISBIOSWEBRE","v2BIOISBIOSWECHO","v2BIOISBIOSWEDES"],"__typename":"CategorySearchTreeData"},"__typename":"CategorySearchTreeLevelDataList"},{"categoryCode":"v2SWEBRESPR","categoryData":{"facetData":{"count":245,"name":"Broodbeleg","nameNonLocalized":"Spreadable","query":{"query":{"value":":relevance:facetCategories:v2SWEBRESPR%7Cv2SWEBRE%7Cv2SWE","__typename":"InternalPageQuery"},"url":"/nl-be/shop/search?q=%3Arelevance%3AfacetCategories%3Av2SWEBRESPR%257Cv2SWEBRE%257Cv2SWE","__typename":"PageQuery"},"selected":false,"__typename":"CategorySearchTreeFacetData"},"subCategories":["v2SWEBRESPRJAM","v2SWEBRESPRCHO","v2SWEBRESPRHON"],"__typename":"CategorySearchTreeData"},"__typename":"CategorySearchTreeLevelDataList"},{"categoryCode":"v2WINEXCRED","categoryData":{"facetData":{"count":239,"name":"Rode wijn","nameNonLocalized":"Red wine","query":{"query":{"value":":relevance:facetCategories:v2WINEXCRED%7Cv2WINEXC%7Cv2WIN","__typename":"InternalPageQuery"},"url":"/nl-be/shop/search?q=%3Arelevance%3AfacetCategories%3Av2WINEXCRED%257Cv2WINEXC%257Cv2WIN","__typename":"PageQuery"},"selected":false,"__typename":"CategorySearchTreeFacetData"},"subCategories":["v2WINEXCREDBOR","v2WINEXCREDITA"],"__typename":"CategorySearchTreeData"},"__typename":"CategorySearchTreeLevelDataList"},{"categoryCode":"v2WINREDEXC","categoryData":{"facetData":{"count":239,"name":"Online exclusiviteiten","nameNonLocalized":"Online exclusives","query":{"query":{"value":":relevance:facetCategories:v2WINREDEXC%7Cv2WINRED%7Cv2WIN","__typename":"InternalPageQuery"},"url":"/nl-be/shop/search?q=%3Arelevance%3AfacetCategories%3Av2WINREDEXC%257Cv2WINRED%257Cv2WIN","__typename":"PageQuery"},"selected":false,"__typename":"CategorySearchTreeFacetData"},"subCategories":["v2WINREDEXCBOR","v2WINREDEXCITA"],"__typename":"CategorySearchTreeData"},"__typename":"CategorySearchTreeLevelDataList"},{"categoryCode":"v2HYGFACCAR","categoryData":{"facetData":{"count":179,"name":"Verzorging","nameNonLocalized":"Care","query":{"query":{"value":":relevance:facetCategories:v2HYGFACCAR%7Cv2HYGFAC%7Cv2HYG","__typename":"InternalPageQuery"},"url":"/nl-be/shop/search?q=%3Arelevance%3AfacetCategories%3Av2HYGFACCAR%257Cv2HYGFAC%257Cv2HYG","__typename":"PageQuery"},"selected":false,"__typename":"CategorySearchTreeFacetData"},"subCategories":["v2HYGFACCARCRE","v2HYGFACCARMAS"],"__typename":"CategorySearchTreeData"},"__typename":"CategorySearchTreeLevelDataList"},{"categoryCode":"v2BIOISBIODRI","categoryData":{"facetData":{"count":173,"name":"Dranken en alcohol","nameNonLocalized":"Drinks and alcohol","query":{"query":{"value":":relevance:facetCategories:v2BIOISBIODRI%7Cv2BIOISBIO%7Cv2BIO","__typename":"InternalPageQuery"},"url":"/nl-be/shop/search?q=%3Arelevance%3AfacetCategories%3Av2BIOISBIODRI%257Cv2BIOISBIO%257Cv2BIO","__typename":"PageQuery"},"selected":false,"__typename":"CategorySearchTreeFacetData"},"subCategories":["v2BIOISBIODRIHOT"],"__typename":"CategorySearchTreeData"},"__typename":"CategorySearchTreeLevelDataList"},{"categoryCode":"v2HYGBODBOD","categoryData":{"facetData":{"count":167,"name":"Douchegels","nameNonLocalized":"Shower gels","query":{"query":{"value":":relevance:facetCategories:v2HYGBODBOD%7Cv2HYGBOD%7Cv2HYG","__typename":"InternalPageQuery"},"url":"/nl-be/shop/search?q=%3Arelevance%3AfacetCategories%3Av2HYGBODBOD%257Cv2HYGBOD%257Cv2HYG","__typename":"PageQuery"},"selected":false,"__typename":"CategorySearchTreeFacetData"},"subCategories":["v2HYGBODBODGEL","v2HYGBODBODMEN","v2HYGBODBODCRE"],"__typename":"CategorySearchTreeData"},"__typename":"CategorySearchTreeLevelDataList"},{"categoryCode":"v2WINREDFRA","categoryData":{"facetData":{"count":167,"name":"Frankrijk","nameNonLocalized":"France","query":{"query":{"value":":relevance:facetCategories:v2WINREDFRA%7Cv2WINRED%7Cv2WIN","__typename":"InternalPageQuery"},"url":"/nl-be/shop/search?q=%3Arelevance%3AfacetCategories%3Av2WINREDFRA%257Cv2WINRED%257Cv2WIN","__typename":"PageQuery"},"selected":false,"__typename":"CategorySearchTreeFacetData"},"subCategories":["v2WINREDFRABOR"],"__typename":"CategorySearchTreeData"},"__typename":"CategorySearchTreeLevelDataList"},{"categoryCode":"v2HYGHAISHA","categoryData":{"facetData":{"count":166,"name":"Shampoos en conditioners","nameNonLocalized":"Shampoos and conditioners","query":{"query":{"value":":relevance:facetCategories:v2HYGHAISHA%7Cv2HYGHAI%7Cv2HYG","__typename":"InternalPageQuery"},"url":"/nl-be/shop/search?q=%3Arelevance%3AfacetCategories%3Av2HYGHAISHA%257Cv2HYGHAI%257Cv2HYG","__typename":"PageQuery"},"selected":false,"__typename":"CategorySearchTreeFacetData"},"subCategories":["v2HYGHAISHALIQ"],"__typename":"CategorySearchTreeData"},"__typename":"CategorySearchTreeLevelDataList"},{"categoryCode":"v2HYGBODDEO","categoryData":{"facetData":{"count":164,"name":"Deodorant","nameNonLocalized":"Deodorants","query":{"query":{"value":":relevance:facetCategories:v2HYGBODDEO%7Cv2HYGBOD%7Cv2HYG","__typename":"InternalPageQuery"},"url":"/nl-be/shop/search?q=%3Arelevance%3AfacetCategories%3Av2HYGBODDEO%257Cv2HYGBOD%257Cv2HYG","__typename":"PageQuery"},"selected":false,"__typename":"CategorySearchTreeFacetData"},"subCategories":["v2HYGBODDEOSPR","v2HYGBODDEOROL"],"__typename":"CategorySearchTreeData"},"__typename":"CategorySearchTreeLevelDataList"},{"categoryCode":"v2BIOISBIOSAL","categoryData":{"facetData":{"count":155,"name":"Zoute kruidenierswaren","nameNonLocalized":"Salted groceries","query":{"query":{"value":":relevance:facetCategories:v2BIOISBIOSAL%7Cv2BIOISBIO%7Cv2BIO","__typename":"InternalPageQuery"},"url":"/nl-be/shop/search?q=%3Arelevance%3AfacetCategories%3Av2BIOISBIOSAL%257Cv2BIOISBIO%257Cv2BIO","__typename":"PageQuery"},"selected":false,"__typename":"CategorySearchTreeFacetData"},"subCategories":["v2BIOISBIOSALPAS","v2BIOISBIOSALSAU"],"__typename":"CategorySearchTreeData"},"__typename":"CategorySearchTreeLevelDataList"},{"categoryCode":"v2HYGMAKMAK","categoryData":{"facetData":{"count":155,"name":"Makeup","nameNonLocalized":"Makeup","query":{"query":{"value":":relevance:facetCategories:v2HYGMAKMAK%7Cv2HYGMAK%7Cv2HYG","__typename":"InternalPageQuery"},"url":"/nl-be/shop/search?q=%3Arelevance%3AfacetCategories%3Av2HYGMAKMAK%257Cv2HYGMAK%257Cv2HYG","__typename":"PageQuery"},"selected":false,"__typename":"CategorySearchTreeFacetData"},"subCategories":["v2HYGMAKMAKEYE","v2HYGMAKMAKSHA","v2HYGMAKMAKLIP"],"__typename":"CategorySearchTreeData"},"__typename":"CategorySearchTreeLevelDataList"},{"categoryCode":"v2SALPASPAS","categoryData":{"facetData":{"count":152,"name":"Pasta","nameNonLocalized":"Pastas","query":{"query":{"value":":relevance:facetCategories:v2SALPASPAS%7Cv2SALPAS%7Cv2SAL","__typename":"InternalPageQuery"},"url":"/nl-be/shop/search?q=%3Arelevance%3AfacetCategories%3Av2SALPASPAS%257Cv2SALPAS%257Cv2SAL","__typename":"PageQuery"},"selected":false,"__typename":"CategorySearchTreeFacetData"},"subCategories":["v2SALPASPASWHI"],"__typename":"CategorySearchTreeData"},"__typename":"CategorySearchTreeLevelDataList"},{"categoryCode":"v2SALSPISPI","categoryData":{"facetData":{"count":151,"name":"Specerijen","nameNonLocalized":"Spices","query":{"query":{"value":":relevance:facetCategories:v2SALSPISPI%7Cv2SALSPI%7Cv2SAL","__typename":"InternalPageQuery"},"url":"/nl-be/shop/search?q=%3Arelevance%3AfacetCategories%3Av2SALSPISPI%257Cv2SALSPI%257Cv2SAL","__typename":"PageQuery"},"selected":false,"__typename":"CategorySearchTreeFacetData"},"subCategories":["v2SALSPISPIGRO"],"__typename":"CategorySearchTreeData"},"__typename":"CategorySearchTreeLevelDataList"},{"categoryCode":"v2DRIALCAPP","categoryData":{"facetData":{"count":147,"name":"Aperitieven","nameNonLocalized":"Appetizers","query":{"query":{"value":":relevance:facetCategories:v2DRIALCAPP%7Cv2DRIALC%7Cv2DRI","__typename":"InternalPageQuery"},"url":"/nl-be/shop/search?q=%3Arelevance%3AfacetCategories%3Av2DRIALCAPP%257Cv2DRIALC%257Cv2DRI","__typename":"PageQuery"},"selected":false,"__typename":"CategorySearchTreeFacetData"},"subCategories":[],"__typename":"CategorySearchTreeData"},"__typename":"CategorySearchTreeLevelDataList"},{"categoryCode":"v2BIOFAISWE","categoryData":{"facetData":{"count":145,"name":"Zoete kruidenierswaren","nameNonLocalized":"Sweet","query":{"query":{"value":":relevance:facetCategories:v2BIOFAISWE%7Cv2BIOFAI%7Cv2BIO","__typename":"InternalPageQuery"},"url":"/nl-be/shop/search?q=%3Arelevance%3AfacetCategories%3Av2BIOFAISWE%257Cv2BIOFAI%257Cv2BIO","__typename":"PageQuery"},"selected":false,"__typename":"CategorySearchTreeFacetData"},"subCategories":["v2BIOFAISWEBRE","v2BIOFAISWECHO"],"__typename":"CategorySearchTreeData"},"__typename":"CategorySearchTreeLevelDataList"},{"categoryCode":"v2SWECHOTAB","categoryData":{"facetData":{"count":143,"name":"Chocolade tabletten","nameNonLocalized":"Chocolate tablets","query":{"query":{"value":":relevance:facetCategories:v2SWECHOTAB%7Cv2SWECHO%7Cv2SWE","__typename":"InternalPageQuery"},"url":"/nl-be/shop/search?q=%3Arelevance%3AfacetCategories%3Av2SWECHOTAB%257Cv2SWECHO%257Cv2SWE","__typename":"PageQuery"},"selected":false,"__typename":"CategorySearchTreeFacetData"},"subCategories":["v2SWECHOTABORD","v2SWECHOTABPRE"],"__typename":"CategorySearchTreeData"},"__typename":"CategorySearchTreeLevelDataList"},{"categoryCode":"v2CLELAULAU","categoryData":{"facetData":{"count":140,"name":"Wasmiddel","nameNonLocalized":"Washing","query":{"query":{"value":":relevance:facetCategories:v2CLELAULAU%7Cv2CLELAU%7Cv2CLE","__typename":"InternalPageQuery"},"url":"/nl-be/shop/search?q=%3Arelevance%3AfacetCategories%3Av2CLELAULAU%257Cv2CLELAU%257Cv2CLE","__typename":"PageQuery"},"selected":false,"__typename":"CategorySearchTreeFacetData"},"subCategories":["v2CLELAULAULIQ","v2CLELAULAUTAB"],"__typename":"CategorySearchTreeData"},"__typename":"CategorySearchTreeLevelDataList"},{"categoryCode":"v2SALAPECHI","categoryData":{"facetData":{"count":140,"name":"Chips","nameNonLocalized":"Chips","query":{"query":{"value":":relevance:facetCategories:v2SALAPECHI%7Cv2SALAPE%7Cv2SAL","__typename":"InternalPageQuery"},"url":"/nl-be/shop/search?q=%3Arelevance%3AfacetCategories%3Av2SALAPECHI%257Cv2SALAPE%257Cv2SAL","__typename":"PageQuery"},"selected":false,"__typename":"CategorySearchTreeFacetData"},"subCategories":["v2SALAPECHICLA","v2SALAPECHISPE"],"__typename":"CategorySearchTreeData"},"__typename":"CategorySearchTreeLevelDataList"},{"categoryCode":"v2SWECANCAN","categoryData":{"facetData":{"count":136,"name":"Snoepgoed","nameNonLocalized":"Candies","query":{"query":{"value":":relevance:facetCategories:v2SWECANCAN%7Cv2SWECAN%7Cv2SWE","__typename":"InternalPageQuery"},"url":"/nl-be/shop/search?q=%3Arelevance%3AfacetCategories%3Av2SWECANCAN%257Cv2SWECAN%257Cv2SWE","__typename":"PageQuery"},"selected":false,"__typename":"CategorySearchTreeFacetData"},"subCategories":[],"__typename":"CategorySearchTreeData"},"__typename":"CategorySearchTreeLevelDataList"},{"categoryCode":"v2SWEBRECER","categoryData":{"facetData":{"count":135,"name":"Ontbijtgranen","nameNonLocalized":"Cereals","query":{"query":{"value":":relevance:facetCategories:v2SWEBRECER%7Cv2SWEBRE%7Cv2SWE","__typename":"InternalPageQuery"},"url":"/nl-be/shop/search?q=%3Arelevance%3AfacetCategories%3Av2SWEBRECER%257Cv2SWEBRE%257Cv2SWE","__typename":"PageQuery"},"selected":false,"__typename":"CategorySearchTreeFacetData"},"subCategories":["v2SWEBRECERGRA","v2SWEBRECERKID"],"__typename":"CategorySearchTreeData"},"__typename":"CategorySearchTreeLevelDataList"},{"categoryCode":"v2SWEBISDRY","categoryData":{"facetData":{"count":131,"name":"Droge koekjes","nameNonLocalized":"Dry biscuits","query":{"query":{"value":":relevance:facetCategories:v2SWEBISDRY%7Cv2SWEBIS%7Cv2SWE","__typename":"InternalPageQuery"},"url":"/nl-be/shop/search?q=%3Arelevance%3AfacetCategories%3Av2SWEBISDRY%257Cv2SWEBIS%257Cv2SWE","__typename":"PageQuery"},"selected":false,"__typename":"CategorySearchTreeFacetData"},"subCategories":["v2SWEBISDRYCHO","v2SWEBISDRYTEA"],"__typename":"CategorySearchTreeData"},"__typename":"CategorySearchTreeLevelDataList"},{"categoryCode":"v2BIOISBIOFRU","categoryData":{"facetData":{"count":126,"name":"Verse groenten en fruit","nameNonLocalized":"Fruits and vegetables","query":{"query":{"value":":relevance:facetCategories:v2BIOISBIOFRU%7Cv2BIOISBIO%7Cv2BIO","__typename":"InternalPageQuery"},"url":"/nl-be/shop/search?q=%3Arelevance%3AfacetCategories%3Av2BIOISBIOFRU%257Cv2BIOISBIO%257Cv2BIO","__typename":"PageQuery"},"selected":false,"__typename":"CategorySearchTreeFacetData"},"subCategories":["v2BIOISBIOFRUDRY","v2BIOISBIOFRUVEG","v2BIOISBIOFRUFRU"],"__typename":"CategorySearchTreeData"},"__typename":"CategorySearchTreeLevelDataList"},{"categoryCode":"v2DRIBEESPE","categoryData":{"facetData":{"count":125,"name":"Degustatiebier","nameNonLocalized":"Specialty beers","query":{"query":{"value":":relevance:facetCategories:v2DRIBEESPE%7Cv2DRIBEE%7Cv2DRI","__typename":"InternalPageQuery"},"url":"/nl-be/shop/search?q=%3Arelevance%3AfacetCategories%3Av2DRIBEESPE%257Cv2DRIBEE%257Cv2DRI","__typename":"PageQuery"},"selected":false,"__typename":"CategorySearchTreeFacetData"},"subCategories":["v2DRIBEESPEBLO"],"__typename":"CategorySearchTreeData"},"__typename":"CategorySearchTreeLevelDataList"},{"categoryCode":"v2DRISOFSPA","categoryData":{"facetData":{"count":123,"name":"Andere bruisende frisdranken","nameNonLocalized":"Other sparkling sodas","query":{"query":{"value":":relevance:facetCategories:v2DRISOFSPA%7Cv2DRISOF%7Cv2DRI","__typename":"InternalPageQuery"},"url":"/nl-be/shop/search?q=%3Arelevance%3AfacetCategories%3Av2DRISOFSPA%257Cv2DRISOF%257Cv2DRI","__typename":"PageQuery"},"selected":false,"__typename":"CategorySearchTreeFacetData"},"subCategories":["v2DRISOFSPALEM","v2DRISOFSPAMUL","v2DRISOFSPAORA"],"__typename":"CategorySearchTreeData"},"__typename":"CategorySearchTreeLevelDataList"},{"categoryCode":"v2DAICHEOTH","categoryData":{"facetData":{"count":118,"name":"Andere kazen","nameNonLocalized":"Other cheeses","query":{"query":{"value":":relevance:facetCategories:v2DAICHEOTH%7Cv2DAICHE%7Cv2DAI","__typename":"InternalPageQuery"},"url":"/nl-be/shop/search?q=%3Arelevance%3AfacetCategories%3Av2DAICHEOTH%257Cv2DAICHE%257Cv2DAI","__typename":"PageQuery"},"selected":false,"__typename":"CategorySearchTreeFacetData"},"subCategories":[],"__typename":"CategorySearchTreeData"},"__typename":"CategorySearchTreeLevelDataList"},{"categoryCode":"v2DAIYOGFRU","categoryData":{"facetData":{"count":118,"name":"Fruit","nameNonLocalized":"Fruit","query":{"query":{"value":":relevance:facetCategories:v2DAIYOGFRU%7Cv2DAIYOG%7Cv2DAI","__typename":"InternalPageQuery"},"url":"/nl-be/shop/search?q=%3Arelevance%3AfacetCategories%3Av2DAIYOGFRU%257Cv2DAIYOG%257Cv2DAI","__typename":"PageQuery"},"selected":false,"__typename":"CategorySearchTreeFacetData"},"subCategories":[],"__typename":"CategorySearchTreeData"},"__typename":"CategorySearchTreeLevelDataList"},{"categoryCode":"v2SWEBISSPE","categoryData":{"facetData":{"count":114,"name":"Specialiteiten","nameNonLocalized":"Specialities","query":{"query":{"value":":relevance:facetCategories:v2SWEBISSPE%7Cv2SWEBIS%7Cv2SWE","__typename":"InternalPageQuery"},"url":"/nl-be/shop/search?q=%3Arelevance%3AfacetCategories%3Av2SWEBISSPE%257Cv2SWEBIS%257Cv2SWE","__typename":"PageQuery"},"selected":false,"__typename":"CategorySearchTreeFacetData"},"subCategories":["v2SWEBISSPEOTH","v2SWEBISSPENOG","v2SWEBISSPENOS"],"__typename":"CategorySearchTreeData"},"__typename":"CategorySearchTreeLevelDataList"},{"categoryCode":"v2MEAVEGSID","categoryData":{"facetData":{"count":113,"name":"Vegetarische maaltijd componenten en ingrediënten","nameNonLocalized":"Vegetarian meal components and ingredients","query":{"query":{"value":":relevance:facetCategories:v2MEAVEGSID%7Cv2MEAVEG%7Cv2MEA","__typename":"InternalPageQuery"},"url":"/nl-be/shop/search?q=%3Arelevance%3AfacetCategories%3Av2MEAVEGSID%257Cv2MEAVEG%257Cv2MEA","__typename":"PageQuery"},"selected":false,"__typename":"CategorySearchTreeFacetData"},"subCategories":["v2MEAVEGSIDBUR"],"__typename":"CategorySearchTreeData"},"__typename":"CategorySearchTreeLevelDataList"},{"categoryCode":"v2PETCATWET","categoryData":{"facetData":{"count":109,"name":"Natvoer kat","nameNonLocalized":"Wet food","query":{"query":{"value":":relevance:facetCategories:v2PETCATWET%7Cv2PETCAT%7Cv2PET","__typename":"InternalPageQuery"},"url":"/nl-be/shop/search?q=%3Arelevance%3AfacetCategories%3Av2PETCATWET%257Cv2PETCAT%257Cv2PET","__typename":"PageQuery"},"selected":false,"__typename":"CategorySearchTreeFacetData"},"subCategories":["v2PETCATWETPOU"],"__typename":"CategorySearchTreeData"},"__typename":"CategorySearchTreeLevelDataList"},{"categoryCode":"v2SWEBREJUI","categoryData":{"facetData":{"count":108,"name":"Fruitsappen","nameNonLocalized":"Fruit juices","query":{"query":{"value":":relevance:facetCategories:v2SWEBREJUI%7Cv2SWEBRE%7Cv2SWE","__typename":"InternalPageQuery"},"url":"/nl-be/shop/search?q=%3Arelevance%3AfacetCategories%3Av2SWEBREJUI%257Cv2SWEBRE%257Cv2SWE","__typename":"PageQuery"},"selected":false,"__typename":"CategorySearchTreeFacetData"},"subCategories":[],"__typename":"CategorySearchTreeData"},"__typename":"CategorySearchTreeLevelDataList"},{"categoryCode":"v2BIOISBIODAI","categoryData":{"facetData":{"count":106,"name":"Zuivel en kaas","nameNonLocalized":"Dairy","query":{"query":{"value":":relevance:facetCategories:v2BIOISBIODAI%7Cv2BIOISBIO%7Cv2BIO","__typename":"InternalPageQuery"},"url":"/nl-be/shop/search?q=%3Arelevance%3AfacetCategories%3Av2BIOISBIODAI%257Cv2BIOISBIO%257Cv2BIO","__typename":"PageQuery"},"selected":false,"__typename":"CategorySearchTreeFacetData"},"subCategories":["v2BIOISBIODAIYOG","v2BIOISBIODAICHE"],"__typename":"CategorySearchTreeData"},"__typename":"CategorySearchTreeLevelDataList"},{"categoryCode":"v2BIOISBIOBAB","categoryData":{"facetData":{"count":105,"name":"Baby","nameNonLocalized":"Baby","query":{"query":{"value":":relevance:facetCategories:v2BIOISBIOBAB%7Cv2BIOISBIO%7Cv2BIO","__typename":"InternalPageQuery"},"url":"/nl-be/shop/search?q=%3Arelevance%3AfacetCategories%3Av2BIOISBIOBAB%257Cv2BIOISBIO%257Cv2BIO","__typename":"PageQuery"},"selected":false,"__typename":"CategorySearchTreeFacetData"},"subCategories":["v2BIOISBIOBABSNA","v2BIOISBIOBABMEA"],"__typename":"CategorySearchTreeData"},"__typename":"CategorySearchTreeLevelDataList"},{"categoryCode":"v2DRIHOTTEA","categoryData":{"facetData":{"count":104,"name":"Thee","nameNonLocalized":"Tea","query":{"query":{"value":":relevance:facetCategories:v2DRIHOTTEA%7Cv2DRIHOT%7Cv2DRI","__typename":"InternalPageQuery"},"url":"/nl-be/shop/search?q=%3Arelevance%3AfacetCategories%3Av2DRIHOTTEA%257Cv2DRIHOT%257Cv2DRI","__typename":"PageQuery"},"selected":false,"__typename":"CategorySearchTreeFacetData"},"subCategories":[],"__typename":"CategorySearchTreeData"},"__typename":"CategorySearchTreeLevelDataList"},{"categoryCode":"v2SWEBRETEA","categoryData":{"facetData":{"count":104,"name":"Thee","nameNonLocalized":"Teas","query":{"query":{"value":":relevance:facetCategories:v2SWEBRETEA%7Cv2SWEBRE%7Cv2SWE","__typename":"InternalPageQuery"},"url":"/nl-be/shop/search?q=%3Arelevance%3AfacetCategories%3Av2SWEBRETEA%257Cv2SWEBRE%257Cv2SWE","__typename":"PageQuery"},"selected":false,"__typename":"CategorySearchTreeFacetData"},"subCategories":[],"__typename":"CategorySearchTreeData"},"__typename":"CategorySearchTreeLevelDataList"},{"categoryCode":"v2HYGFACCLE","categoryData":{"facetData":{"count":101,"name":"Gezichtsreiniging","nameNonLocalized":"Facial cleansing","query":{"query":{"value":":relevance:facetCategories:v2HYGFACCLE%7Cv2HYGFAC%7Cv2HYG","__typename":"InternalPageQuery"},"url":"/nl-be/shop/search?q=%3Arelevance%3AfacetCategories%3Av2HYGFACCLE%257Cv2HYGFAC%257Cv2HYG","__typename":"PageQuery"},"selected":false,"__typename":"CategorySearchTreeFacetData"},"subCategories":["v2HYGFACCLELOT"],"__typename":"CategorySearchTreeData"},"__typename":"CategorySearchTreeLevelDataList"},{"categoryCode":"v2BIOECOCLE","categoryData":{"facetData":{"count":100,"name":"Onderhoudsproducten","nameNonLocalized":"Cleaning products","query":{"query":{"value":":relevance:facetCategories:v2BIOECOCLE%7Cv2BIOECO%7Cv2BIO","__typename":"InternalPageQuery"},"url":"/nl-be/shop/search?q=%3Arelevance%3AfacetCategories%3Av2BIOECOCLE%257Cv2BIOECO%257Cv2BIO","__typename":"PageQuery"},"selected":false,"__typename":"CategorySearchTreeFacetData"},"subCategories":["v2BIOECOCLELAU","v2BIOECOCLESUR"],"__typename":"CategorySearchTreeData"},"__typename":"CategorySearchTreeLevelDataList"},{"categoryCode":"v2HYGFACSHA","categoryData":{"facetData":{"count":96,"name":"Scheren","nameNonLocalized":"Shaving","query":{"query":{"value":":relevance:facetCategories:v2HYGFACSHA%7Cv2HYGFAC%7Cv2HYG","__typename":"InternalPageQuery"},"url":"/nl-be/shop/search?q=%3Arelevance%3AfacetCategories%3Av2HYGFACSHA%257Cv2HYGFAC%257Cv2HYG","__typename":"PageQuery"},"selected":false,"__typename":"CategorySearchTreeFacetData"},"subCategories":["v2HYGFACSHABLA"],"__typename":"CategorySearchTreeData"},"__typename":"CategorySearchTreeLevelDataList"},{"categoryCode":"v2HYGHAICOL","categoryData":{"facetData":{"count":96,"name":"Kleuren","nameNonLocalized":"Coloring","query":{"query":{"value":":relevance:facetCategories:v2HYGHAICOL%7Cv2HYGHAI%7Cv2HYG","__typename":"InternalPageQuery"},"url":"/nl-be/shop/search?q=%3Arelevance%3AfacetCategories%3Av2HYGHAICOL%257Cv2HYGHAI%257Cv2HYG","__typename":"PageQuery"},"selected":false,"__typename":"CategorySearchTreeFacetData"},"subCategories":["v2HYGHAICOLPER","v2HYGHAICOLNON"],"__typename":"CategorySearchTreeData"},"__typename":"CategorySearchTreeLevelDataList"},{"categoryCode":"v2BIOISBIOHYG","categoryData":{"facetData":{"count":92,"name":"Hygiëne en verzorging","nameNonLocalized":"Hygiene and care","query":{"query":{"value":":relevance:facetCategories:v2BIOISBIOHYG%7Cv2BIOISBIO%7Cv2BIO","__typename":"InternalPageQuery"},"url":"/nl-be/shop/search?q=%3Arelevance%3AfacetCategories%3Av2BIOISBIOHYG%257Cv2BIOISBIO%257Cv2BIO","__typename":"PageQuery"},"selected":false,"__typename":"CategorySearchTreeFacetData"},"subCategories":["v2BIOISBIOHYGNAT","v2BIOISBIOHYGFAC"],"__typename":"CategorySearchTreeData"},"__typename":"CategorySearchTreeLevelDataList"},{"categoryCode":"v2SALSAUPAS","categoryData":{"facetData":{"count":91,"name":"Pastasauzen","nameNonLocalized":"Pasta sauces","query":{"query":{"value":":relevance:facetCategories:v2SALSAUPAS%7Cv2SALSAU%7Cv2SAL","__typename":"InternalPageQuery"},"url":"/nl-be/shop/search?q=%3Arelevance%3AfacetCategories%3Av2SALSAUPAS%257Cv2SALSAU%257Cv2SAL","__typename":"PageQuery"},"selected":false,"__typename":"CategorySearchTreeFacetData"},"subCategories":[],"__typename":"CategorySearchTreeData"},"__typename":"CategorySearchTreeLevelDataList"},{"categoryCode":"v2BIOISBIOMEA","categoryData":{"facetData":{"count":90,"name":"Vlees, vis en vegetarische producten","nameNonLocalized":"Meat, fish and veggie products","query":{"query":{"value":":relevance:facetCategories:v2BIOISBIOMEA%7Cv2BIOISBIO%7Cv2BIO","__typename":"InternalPageQuery"},"url":"/nl-be/shop/search?q=%3Arelevance%3AfacetCategories%3Av2BIOISBIOMEA%257Cv2BIOISBIO%257Cv2BIO","__typename":"PageQuery"},"selected":false,"__typename":"CategorySearchTreeFacetData"},"subCategories":["v2BIOISBIOMEAVEG"],"__typename":"CategorySearchTreeData"},"__typename":"CategorySearchTreeLevelDataList"},{"categoryCode":"v2MEAFISPRE","categoryData":{"facetData":{"count":88,"name":"Specialiteiten","nameNonLocalized":"Specialities","query":{"query":{"value":":relevance:facetCategories:v2MEAFISPRE%7Cv2MEAFIS%7Cv2MEA","__typename":"InternalPageQuery"},"url":"/nl-be/shop/search?q=%3Arelevance%3AfacetCategories%3Av2MEAFISPRE%257Cv2MEAFIS%257Cv2MEA","__typename":"PageQuery"},"selected":false,"__typename":"CategorySearchTreeFacetData"},"subCategories":["v2MEAFISPRESAL"],"__typename":"CategorySearchTreeData"},"__typename":"CategorySearchTreeLevelDataList"},{"categoryCode":"v2HYGDENTOO","categoryData":{"facetData":{"count":85,"name":"Tandpasta","nameNonLocalized":"Toothpastes","query":{"query":{"value":":relevance:facetCategories:v2HYGDENTOO%7Cv2HYGDEN%7Cv2HYG","__typename":"InternalPageQuery"},"url":"/nl-be/shop/search?q=%3Arelevance%3AfacetCategories%3Av2HYGDENTOO%257Cv2HYGDEN%257Cv2HYG","__typename":"PageQuery"},"selected":false,"__typename":"CategorySearchTreeFacetData"},"subCategories":["v2HYGDENTOOADU"],"__typename":"CategorySearchTreeData"},"__typename":"CategorySearchTreeLevelDataList"},{"categoryCode":"v2NONDECCAN","categoryData":{"facetData":{"count":82,"name":"Kaarsen-Geur-en sfeer producten","nameNonLocalized":"Candles and interior atmosphere","query":{"query":{"value":":relevance:facetCategories:v2NONDECCAN%7Cv2NONDEC%7Cv2NON","__typename":"InternalPageQuery"},"url":"/nl-be/shop/search?q=%3Arelevance%3AfacetCategories%3Av2NONDECCAN%257Cv2NONDEC%257Cv2NON","__typename":"PageQuery"},"selected":false,"__typename":"CategorySearchTreeFacetData"},"subCategories":[],"__typename":"CategorySearchTreeData"},"__typename":"CategorySearchTreeLevelDataList"},{"categoryCode":"v2BIOISBIOWIN","categoryData":{"facetData":{"count":80,"name":"Wijn en bubbels","nameNonLocalized":"Wines and bubbles","query":{"query":{"value":":relevance:facetCategories:v2BIOISBIOWIN%7Cv2BIOISBIO%7Cv2BIO","__typename":"InternalPageQuery"},"url":"/nl-be/shop/search?q=%3Arelevance%3AfacetCategories%3Av2BIOISBIOWIN%257Cv2BIOISBIO%257Cv2BIO","__typename":"PageQuery"},"selected":false,"__typename":"CategorySearchTreeFacetData"},"subCategories":["v2BIOISBIOWINRED","v2BIOISBIOWINBUB"],"__typename":"CategorySearchTreeData"},"__typename":"CategorySearchTreeLevelDataList"},{"categoryCode":"v2FROICEBOX","categoryData":{"facetData":{"count":80,"name":"Potten","nameNonLocalized":"Boxes","query":{"query":{"value":":relevance:facetCategories:v2FROICEBOX%7Cv2FROICE%7Cv2FRO","__typename":"InternalPageQuery"},"url":"/nl-be/shop/search?q=%3Arelevance%3AfacetCategories%3Av2FROICEBOX%257Cv2FROICE%257Cv2FRO","__typename":"PageQuery"},"selected":false,"__typename":"CategorySearchTreeFacetData"},"subCategories":[],"__typename":"CategorySearchTreeData"},"__typename":"CategorySearchTreeLevelDataList"},{"categoryCode":"v2CLETOICLE","categoryData":{"facetData":{"count":78,"name":"Onderhoudsproducten","nameNonLocalized":"Cleaning products","query":{"query":{"value":":relevance:facetCategories:v2CLETOICLE%7Cv2CLETOI%7Cv2CLE","__typename":"InternalPageQuery"},"url":"/nl-be/shop/search?q=%3Arelevance%3AfacetCategories%3Av2CLETOICLE%257Cv2CLETOI%257Cv2CLE","__typename":"PageQuery"},"selected":false,"__typename":"CategorySearchTreeFacetData"},"subCategories":["v2CLETOICLEBLO","v2CLETOICLEGEL"],"__typename":"CategorySearchTreeData"},"__typename":"CategorySearchTreeLevelDataList"},{"categoryCode":"v2MEAPOUCHI","categoryData":{"facetData":{"count":76,"name":"Kip","nameNonLocalized":"Chicken","query":{"query":{"value":":relevance:facetCategories:v2MEAPOUCHI%7Cv2MEAPOU%7Cv2MEA","__typename":"InternalPageQuery"},"url":"/nl-be/shop/search?q=%3Arelevance%3AfacetCategories%3Av2MEAPOUCHI%257Cv2MEAPOU%257Cv2MEA","__typename":"PageQuery"},"selected":false,"__typename":"CategorySearchTreeFacetData"},"subCategories":["v2MEAPOUCHIPRE","v2MEAPOUCHICUT"],"__typename":"CategorySearchTreeData"},"__typename":"CategorySearchTreeLevelDataList"},{"categoryCode":"v2MEADELCOO","categoryData":{"facetData":{"count":75,"name":"Gekookte vleesproducten","nameNonLocalized":"Cooked meat products","query":{"query":{"value":":relevance:facetCategories:v2MEADELCOO%7Cv2MEADEL%7Cv2MEA","__typename":"InternalPageQuery"},"url":"/nl-be/shop/search?q=%3Arelevance%3AfacetCategories%3Av2MEADELCOO%257Cv2MEADEL%257Cv2MEA","__typename":"PageQuery"},"selected":false,"__typename":"CategorySearchTreeFacetData"},"subCategories":["v2MEADELCOOPOR","v2MEADELCOOCHI"],"__typename":"CategorySearchTreeData"},"__typename":"CategorySearchTreeLevelDataList"},{"categoryCode":"v2WINEXCWHI","categoryData":{"facetData":{"count":73,"name":"Witte wijn","nameNonLocalized":"White wine","query":{"query":{"value":":relevance:facetCategories:v2WINEXCWHI%7Cv2WINEXC%7Cv2WIN","__typename":"InternalPageQuery"},"url":"/nl-be/shop/search?q=%3Arelevance%3AfacetCategories%3Av2WINEXCWHI%257Cv2WINEXC%257Cv2WIN","__typename":"PageQuery"},"selected":false,"__typename":"CategorySearchTreeFacetData"},"subCategories":["v2WINEXCWHIAUT"],"__typename":"CategorySearchTreeData"},"__typename":"CategorySearchTreeLevelDataList"},{"categoryCode":"v2WINWHIEXC","categoryData":{"facetData":{"count":73,"name":"Online exclusiviteiten","nameNonLocalized":"Online exclusives","query":{"query":{"value":":relevance:facetCategories:v2WINWHIEXC%7Cv2WINWHI%7Cv2WIN","__typename":"InternalPageQuery"},"url":"/nl-be/shop/search?q=%3Arelevance%3AfacetCategories%3Av2WINWHIEXC%257Cv2WINWHI%257Cv2WIN","__typename":"PageQuery"},"selected":false,"__typename":"CategorySearchTreeFacetData"},"subCategories":["v2WINWHIEXCAUT"],"__typename":"CategorySearchTreeData"},"__typename":"CategorySearchTreeLevelDataList"},{"categoryCode":"v2BIOFAIDRI","categoryData":{"facetData":{"count":72,"name":"Dranken en alcohol","nameNonLocalized":"Drinks and alcohol","query":{"query":{"value":":relevance:facetCategories:v2BIOFAIDRI%7Cv2BIOFAI%7Cv2BIO","__typename":"InternalPageQuery"},"url":"/nl-be/shop/search?q=%3Arelevance%3AfacetCategories%3Av2BIOFAIDRI%257Cv2BIOFAI%257Cv2BIO","__typename":"PageQuery"},"selected":false,"__typename":"CategorySearchTreeFacetData"},"subCategories":["v2BIOFAIDRIHOT"],"__typename":"CategorySearchTreeData"},"__typename":"CategorySearchTreeLevelDataList"},{"categoryCode":"v2CLESURALL","categoryData":{"facetData":{"count":72,"name":"Multi-gebruik","nameNonLocalized":"Multi-use","query":{"query":{"value":":relevance:facetCategories:v2CLESURALL%7Cv2CLESUR%7Cv2CLE","__typename":"InternalPageQuery"},"url":"/nl-be/shop/search?q=%3Arelevance%3AfacetCategories%3Av2CLESURALL%257Cv2CLESUR%257Cv2CLE","__typename":"PageQuery"},"selected":false,"__typename":"CategorySearchTreeFacetData"},"subCategories":[],"__typename":"CategorySearchTreeData"},"__typename":"CategorySearchTreeLevelDataList"},{"categoryCode":"v2FRUDRYNUT","categoryData":{"facetData":{"count":72,"name":"Noten","nameNonLocalized":"Nuts","query":{"query":{"value":":relevance:facetCategories:v2FRUDRYNUT%7Cv2FRUDRY%7Cv2FRU","__typename":"InternalPageQuery"},"url":"/nl-be/shop/search?q=%3Arelevance%3AfacetCategories%3Av2FRUDRYNUT%257Cv2FRUDRY%257Cv2FRU","__typename":"PageQuery"},"selected":false,"__typename":"CategorySearchTreeFacetData"},"subCategories":["v2FRUDRYNUTBAS"],"__typename":"CategorySearchTreeData"},"__typename":"CategorySearchTreeLevelDataList"},{"categoryCode":"v2CLELAUSOF","categoryData":{"facetData":{"count":71,"name":"Wasverzachters","nameNonLocalized":"Softeners","query":{"query":{"value":":relevance:facetCategories:v2CLELAUSOF%7Cv2CLELAU%7Cv2CLE","__typename":"InternalPageQuery"},"url":"/nl-be/shop/search?q=%3Arelevance%3AfacetCategories%3Av2CLELAUSOF%257Cv2CLELAU%257Cv2CLE","__typename":"PageQuery"},"selected":false,"__typename":"CategorySearchTreeFacetData"},"subCategories":[],"__typename":"CategorySearchTreeData"},"__typename":"CategorySearchTreeLevelDataList"},{"categoryCode":"v2DRIALCCOC","categoryData":{"facetData":{"count":70,"name":"Cocktails","nameNonLocalized":"Cocktails","query":{"query":{"value":":relevance:facetCategories:v2DRIALCCOC%7Cv2DRIALC%7Cv2DRI","__typename":"InternalPageQuery"},"url":"/nl-be/shop/search?q=%3Arelevance%3AfacetCategories%3Av2DRIALCCOC%257Cv2DRIALC%257Cv2DRI","__typename":"PageQuery"},"selected":false,"__typename":"CategorySearchTreeFacetData"},"subCategories":["v2DRIALCCOCMIX","v2DRIALCCOCFRE"],"__typename":"CategorySearchTreeData"},"__typename":"CategorySearchTreeLevelDataList"},{"categoryCode":"v2DAICHESLI","categoryData":{"facetData":{"count":68,"name":"Sneden","nameNonLocalized":"Slices","query":{"query":{"value":":relevance:facetCategories:v2DAICHESLI%7Cv2DAICHE%7Cv2DAI","__typename":"InternalPageQuery"},"url":"/nl-be/shop/search?q=%3Arelevance%3AfacetCategories%3Av2DAICHESLI%257Cv2DAICHE%257Cv2DAI","__typename":"PageQuery"},"selected":false,"__typename":"CategorySearchTreeFacetData"},"subCategories":[],"__typename":"CategorySearchTreeData"},"__typename":"CategorySearchTreeLevelDataList"},{"categoryCode":"v2DAICHESPR","categoryData":{"facetData":{"count":68,"name":"Smeerkazen","nameNonLocalized":"Spreadable Fresh","query":{"query":{"value":":relevance:facetCategories:v2DAICHESPR%7Cv2DAICHE%7Cv2DAI","__typename":"InternalPageQuery"},"url":"/nl-be/shop/search?q=%3Arelevance%3AfacetCategories%3Av2DAICHESPR%257Cv2DAICHE%257Cv2DAI","__typename":"PageQuery"},"selected":false,"__typename":"CategorySearchTreeFacetData"},"subCategories":[],"__typename":"CategorySearchTreeData"},"__typename":"CategorySearchTreeLevelDataList"},{"categoryCode":"v2HYGHAICON","categoryData":{"facetData":{"count":67,"name":"Conditioner","nameNonLocalized":"Conditioner","query":{"query":{"value":":relevance:facetCategories:v2HYGHAICON%7Cv2HYGHAI%7Cv2HYG","__typename":"InternalPageQuery"},"url":"/nl-be/shop/search?q=%3Arelevance%3AfacetCategories%3Av2HYGHAICON%257Cv2HYGHAI%257Cv2HYG","__typename":"PageQuery"},"selected":false,"__typename":"CategorySearchTreeFacetData"},"subCategories":["v2HYGHAICONLIQ"],"__typename":"CategorySearchTreeData"},"__typename":"CategorySearchTreeLevelDataList"},{"categoryCode":"v2SWEDESDES","categoryData":{"facetData":{"count":66,"name":"Ingrediënten desserts","nameNonLocalized":"Dessert ingredients","query":{"query":{"value":":relevance:facetCategories:v2SWEDESDES%7Cv2SWEDES%7Cv2SWE","__typename":"InternalPageQuery"},"url":"/nl-be/shop/search?q=%3Arelevance%3AfacetCategories%3Av2SWEDESDES%257Cv2SWEDES%257Cv2SWE","__typename":"PageQuery"},"selected":false,"__typename":"CategorySearchTreeFacetData"},"subCategories":[],"__typename":"CategorySearchTreeData"},"__typename":"CategorySearchTreeLevelDataList"},{"categoryCode":"v2MEADELSAU","categoryData":{"facetData":{"count":65,"name":"Gedroogde worsten","nameNonLocalized":"Dried sausages","query":{"query":{"value":":relevance:facetCategories:v2MEADELSAU%7Cv2MEADEL%7Cv2MEA","__typename":"InternalPageQuery"},"url":"/nl-be/shop/search?q=%3Arelevance%3AfacetCategories%3Av2MEADELSAU%257Cv2MEADEL%257Cv2MEA","__typename":"PageQuery"},"selected":false,"__typename":"CategorySearchTreeFacetData"},"subCategories":["v2MEADELSAUBEL"],"__typename":"CategorySearchTreeData"},"__typename":"CategorySearchTreeLevelDataList"},{"categoryCode":"v2SALSAUOTH","categoryData":{"facetData":{"count":65,"name":"Andere","nameNonLocalized":"Other","query":{"query":{"value":":relevance:facetCategories:v2SALSAUOTH%7Cv2SALSAU%7Cv2SAL","__typename":"InternalPageQuery"},"url":"/nl-be/shop/search?q=%3Arelevance%3AfacetCategories%3Av2SALSAUOTH%257Cv2SALSAU%257Cv2SAL","__typename":"PageQuery"},"selected":false,"__typename":"CategorySearchTreeFacetData"},"subCategories":[],"__typename":"CategorySearchTreeData"},"__typename":"CategorySearchTreeLevelDataList"},{"categoryCode":"v2DAIYOGPLA","categoryData":{"facetData":{"count":64,"name":"Natuur","nameNonLocalized":"Plain","query":{"query":{"value":":relevance:facetCategories:v2DAIYOGPLA%7Cv2DAIYOG%7Cv2DAI","__typename":"InternalPageQuery"},"url":"/nl-be/shop/search?q=%3Arelevance%3AfacetCategories%3Av2DAIYOGPLA%257Cv2DAIYOG%257Cv2DAI","__typename":"PageQuery"},"selected":false,"__typename":"CategorySearchTreeFacetData"},"subCategories":[],"__typename":"CategorySearchTreeData"},"__typename":"CategorySearchTreeLevelDataList"},{"categoryCode":"v2MEADELOTH","categoryData":{"facetData":{"count":63,"name":"Andere charcuterie","nameNonLocalized":"Other","query":{"query":{"value":":relevance:facetCategories:v2MEADELOTH%7Cv2MEADEL%7Cv2MEA","__typename":"InternalPageQuery"},"url":"/nl-be/shop/search?q=%3Arelevance%3AfacetCategories%3Av2MEADELOTH%257Cv2MEADEL%257Cv2MEA","__typename":"PageQuery"},"selected":false,"__typename":"CategorySearchTreeFacetData"},"subCategories":[],"__typename":"CategorySearchTreeData"},"__typename":"CategorySearchTreeLevelDataList"},{"categoryCode":"v2SWEBRECRI","categoryData":{"facetData":{"count":63,"name":"Rijstwafels, beschuiten en toast","nameNonLocalized":"Rice cakes, crispbread and toasted breads","query":{"query":{"value":":relevance:facetCategories:v2SWEBRECRI%7Cv2SWEBRE%7Cv2SWE","__typename":"InternalPageQuery"},"url":"/nl-be/shop/search?q=%3Arelevance%3AfacetCategories%3Av2SWEBRECRI%257Cv2SWEBRE%257Cv2SWE","__typename":"PageQuery"},"selected":false,"__typename":"CategorySearchTreeFacetData"},"subCategories":[],"__typename":"CategorySearchTreeData"},"__typename":"CategorySearchTreeLevelDataList"},{"categoryCode":"v2SALAPESAL","categoryData":{"facetData":{"count":62,"name":"Aperitiefkoekjes en toasts","nameNonLocalized":"Apero biscuit and toast","query":{"query":{"value":":relevance:facetCategories:v2SALAPESAL%7Cv2SALAPE%7Cv2SAL","__typename":"InternalPageQuery"},"url":"/nl-be/shop/search?q=%3Arelevance%3AfacetCategories%3Av2SALAPESAL%257Cv2SALAPE%257Cv2SAL","__typename":"PageQuery"},"selected":false,"__typename":"CategorySearchTreeFacetData"},"subCategories":["v2SALAPESALCRA"],"__typename":"CategorySearchTreeData"},"__typename":"CategorySearchTreeLevelDataList"},{"categoryCode":"v2CANSOUBIG","categoryData":{"facetData":{"count":61,"name":"Conserve soepen - groot formaat","nameNonLocalized":"Canned soup - small","query":{"query":{"value":":relevance:facetCategories:v2CANSOUBIG%7Cv2CANSOU%7Cv2CAN","__typename":"InternalPageQuery"},"url":"/nl-be/shop/search?q=%3Arelevance%3AfacetCategories%3Av2CANSOUBIG%257Cv2CANSOU%257Cv2CAN","__typename":"PageQuery"},"selected":false,"__typename":"CategorySearchTreeFacetData"},"subCategories":["v2CANSOUBIGKNO","v2CANSOUBIGLIE"],"__typename":"CategorySearchTreeData"},"__typename":"CategorySearchTreeLevelDataList"},{"categoryCode":"v2CANVEGTOM","categoryData":{"facetData":{"count":61,"name":"Tomaten in conserve","nameNonLocalized":"Canned tomatoes","query":{"query":{"value":":relevance:facetCategories:v2CANVEGTOM%7Cv2CANVEG%7Cv2CAN","__typename":"InternalPageQuery"},"url":"/nl-be/shop/search?q=%3Arelevance%3AfacetCategories%3Av2CANVEGTOM%257Cv2CANVEG%257Cv2CAN","__typename":"PageQuery"},"selected":false,"__typename":"CategorySearchTreeFacetData"},"subCategories":["v2CANVEGTOMPUL"],"__typename":"CategorySearchTreeData"},"__typename":"CategorySearchTreeLevelDataList"},{"categoryCode":"v2SALSOUBIG","categoryData":{"facetData":{"count":61,"name":"Conserve soepen - groot formaat","nameNonLocalized":"Canned soup - small","query":{"query":{"value":":relevance:facetCategories:v2SALSOUBIG%7Cv2SALSOU%7Cv2SAL","__typename":"InternalPageQuery"},"url":"/nl-be/shop/search?q=%3Arelevance%3AfacetCategories%3Av2SALSOUBIG%257Cv2SALSOU%257Cv2SAL","__typename":"PageQuery"},"selected":false,"__typename":"CategorySearchTreeFacetData"},"subCategories":["v2SALSOUBIGKNO","v2SALSOUBIGLIE"],"__typename":"CategorySearchTreeData"},"__typename":"CategorySearchTreeLevelDataList"},{"categoryCode":"v2HYGBODSOA","categoryData":{"facetData":{"count":60,"name":"Zeep","nameNonLocalized":"Soaps","query":{"query":{"value":":relevance:facetCategories:v2HYGBODSOA%7Cv2HYGBOD%7Cv2HYG","__typename":"InternalPageQuery"},"url":"/nl-be/shop/search?q=%3Arelevance%3AfacetCategories%3Av2HYGBODSOA%257Cv2HYGBOD%257Cv2HYG","__typename":"PageQuery"},"selected":false,"__typename":"CategorySearchTreeFacetData"},"subCategories":["v2HYGBODSOALIQ"],"__typename":"CategorySearchTreeData"},"__typename":"CategorySearchTreeLevelDataList"},{"categoryCode":"v2CANFISTUN","categoryData":{"facetData":{"count":59,"name":"Tonijn in conserve","nameNonLocalized":"Canned tuna","query":{"query":{"value":":relevance:facetCategories:v2CANFISTUN%7Cv2CANFIS%7Cv2CAN","__typename":"InternalPageQuery"},"url":"/nl-be/shop/search?q=%3Arelevance%3AfacetCategories%3Av2CANFISTUN%257Cv2CANFIS%257Cv2CAN","__typename":"PageQuery"},"selected":false,"__typename":"CategorySearchTreeFacetData"},"subCategories":[],"__typename":"CategorySearchTreeData"},"__typename":"CategorySearchTreeLevelDataList"},{"categoryCode":"v2DRIMILVEG","categoryData":{"facetData":{"count":59,"name":"Plantaardige dranken","nameNonLocalized":"Vegetal drinks","query":{"query":{"value":":relevance:facetCategories:v2DRIMILVEG%7Cv2DRIMIL%7Cv2DRI","__typename":"InternalPageQuery"},"url":"/nl-be/shop/search?q=%3Arelevance%3AfacetCategories%3Av2DRIMILVEG%257Cv2DRIMIL%257Cv2DRI","__typename":"PageQuery"},"selected":false,"__typename":"CategorySearchTreeFacetData"},"subCategories":[],"__typename":"CategorySearchTreeData"},"__typename":"CategorySearchTreeLevelDataList"},{"categoryCode":"v2DRISOFICE","categoryData":{"facetData":{"count":59,"name":"Iced tea","nameNonLocalized":"Iced tea","query":{"query":{"value":":relevance:facetCategories:v2DRISOFICE%7Cv2DRISOF%7Cv2DRI","__typename":"InternalPageQuery"},"url":"/nl-be/shop/search?q=%3Arelevance%3AfacetCategories%3Av2DRISOFICE%257Cv2DRISOF%257Cv2DRI","__typename":"PageQuery"},"selected":false,"__typename":"CategorySearchTreeFacetData"},"subCategories":[],"__typename":"CategorySearchTreeData"},"__typename":"CategorySearchTreeLevelDataList"},{"categoryCode":"v2HYGPHABAN","categoryData":{"facetData":{"count":59,"name":"Eerste hulp","nameNonLocalized":"First aid","query":{"query":{"value":":relevance:facetCategories:v2HYGPHABAN%7Cv2HYGPHA%7Cv2HYG","__typename":"InternalPageQuery"},"url":"/nl-be/shop/search?q=%3Arelevance%3AfacetCategories%3Av2HYGPHABAN%257Cv2HYGPHA%257Cv2HYG","__typename":"PageQuery"},"selected":false,"__typename":"CategorySearchTreeFacetData"},"subCategories":[],"__typename":"CategorySearchTreeData"},"__typename":"CategorySearchTreeLevelDataList"},{"categoryCode":"v2SWEBISCAK","categoryData":{"facetData":{"count":59,"name":"Cakes","nameNonLocalized":"Cakes","query":{"query":{"value":":relevance:facetCategories:v2SWEBISCAK%7Cv2SWEBIS%7Cv2SWE","__typename":"InternalPageQuery"},"url":"/nl-be/shop/search?q=%3Arelevance%3AfacetCategories%3Av2SWEBISCAK%257Cv2SWEBIS%257Cv2SWE","__typename":"PageQuery"},"selected":false,"__typename":"CategorySearchTreeFacetData"},"subCategories":[],"__typename":"CategorySearchTreeData"},"__typename":"CategorySearchTreeLevelDataList"},{"categoryCode":"v2CLETOISME","categoryData":{"facetData":{"count":58,"name":"Luchtverfrissers","nameNonLocalized":"Air fresheners","query":{"query":{"value":":relevance:facetCategories:v2CLETOISME%7Cv2CLETOI%7Cv2CLE","__typename":"InternalPageQuery"},"url":"/nl-be/shop/search?q=%3Arelevance%3AfacetCategories%3Av2CLETOISME%257Cv2CLETOI%257Cv2CLE","__typename":"PageQuery"},"selected":false,"__typename":"CategorySearchTreeFacetData"},"subCategories":[],"__typename":"CategorySearchTreeData"},"__typename":"CategorySearchTreeLevelDataList"},{"categoryCode":"v2FRUJUISAP","categoryData":{"facetData":{"count":58,"name":"Vers fruitsappen","nameNonLocalized":"Fresh fruit juices","query":{"query":{"value":":relevance:facetCategories:v2FRUJUISAP%7Cv2FRUJUI%7Cv2FRU","__typename":"InternalPageQuery"},"url":"/nl-be/shop/search?q=%3Arelevance%3AfacetCategories%3Av2FRUJUISAP%257Cv2FRUJUI%257Cv2FRU","__typename":"PageQuery"},"selected":false,"__typename":"CategorySearchTreeFacetData"},"subCategories":[],"__typename":"CategorySearchTreeData"},"__typename":"CategorySearchTreeLevelDataList"},{"categoryCode":"v2DRIALCWHI","categoryData":{"facetData":{"count":57,"name":"Whisky","nameNonLocalized":"Whiskey","query":{"query":{"value":":relevance:facetCategories:v2DRIALCWHI%7Cv2DRIALC%7Cv2DRI","__typename":"InternalPageQuery"},"url":"/nl-be/shop/search?q=%3Arelevance%3AfacetCategories%3Av2DRIALCWHI%257Cv2DRIALC%257Cv2DRI","__typename":"PageQuery"},"selected":false,"__typename":"CategorySearchTreeFacetData"},"subCategories":[],"__typename":"CategorySearchTreeData"},"__typename":"CategorySearchTreeLevelDataList"},{"categoryCode":"v2HYGHAIFIX","categoryData":{"facetData":{"count":57,"name":"Haarlak, gel en andere","nameNonLocalized":"Hair spray, gel and other","query":{"query":{"value":":relevance:facetCategories:v2HYGHAIFIX%7Cv2HYGHAI%7Cv2HYG","__typename":"InternalPageQuery"},"url":"/nl-be/shop/search?q=%3Arelevance%3AfacetCategories%3Av2HYGHAIFIX%257Cv2HYGHAI%257Cv2HYG","__typename":"PageQuery"},"selected":false,"__typename":"CategorySearchTreeFacetData"},"subCategories":["v2HYGHAIFIXLAQ"],"__typename":"CategorySearchTreeData"},"__typename":"CategorySearchTreeLevelDataList"},{"categoryCode":"v2BIOISBIOSPE","categoryData":{"facetData":{"count":56,"name":"Bewuste voeding","nameNonLocalized":"Specific food","query":{"query":{"value":":relevance:facetCategories:v2BIOISBIOSPE%7Cv2BIOISBIO%7Cv2BIO","__typename":"InternalPageQuery"},"url":"/nl-be/shop/search?q=%3Arelevance%3AfacetCategories%3Av2BIOISBIOSPE%257Cv2BIOISBIO%257Cv2BIO","__typename":"PageQuery"},"selected":false,"__typename":"CategorySearchTreeFacetData"},"subCategories":[],"__typename":"CategorySearchTreeData"},"__typename":"CategorySearchTreeLevelDataList"},{"categoryCode":"v2DRISOFSPO","categoryData":{"facetData":{"count":56,"name":"Sport en energiedrank","nameNonLocalized":"Sports and energy drinks","query":{"query":{"value":":relevance:facetCategories:v2DRISOFSPO%7Cv2DRISOF%7Cv2DRI","__typename":"InternalPageQuery"},"url":"/nl-be/shop/search?q=%3Arelevance%3AfacetCategories%3Av2DRISOFSPO%257Cv2DRISOF%257Cv2DRI","__typename":"PageQuery"},"selected":false,"__typename":"CategorySearchTreeFacetData"},"subCategories":["v2DRISOFSPOENE"],"__typename":"CategorySearchTreeData"},"__typename":"CategorySearchTreeLevelDataList"},{"categoryCode":"v2SWEDESSUG","categoryData":{"facetData":{"count":56,"name":"Suiker","nameNonLocalized":"Sugar","query":{"query":{"value":":relevance:facetCategories:v2SWEDESSUG%7Cv2SWEDES%7Cv2SWE","__typename":"InternalPageQuery"},"url":"/nl-be/shop/search?q=%3Arelevance%3AfacetCategories%3Av2SWEDESSUG%257Cv2SWEDES%257Cv2SWE","__typename":"PageQuery"},"selected":false,"__typename":"CategorySearchTreeFacetData"},"subCategories":[],"__typename":"CategorySearchTreeData"},"__typename":"CategorySearchTreeLevelDataList"},{"categoryCode":"v2WINBUBCHA","categoryData":{"facetData":{"count":56,"name":"Champagne","nameNonLocalized":"Champagne","query":{"query":{"value":":relevance:facetCategories:v2WINBUBCHA%7Cv2WINBUB%7Cv2WIN","__typename":"InternalPageQuery"},"url":"/nl-be/shop/search?q=%3Arelevance%3AfacetCategories%3Av2WINBUBCHA%257Cv2WINBUB%257Cv2WIN","__typename":"PageQuery"},"selected":false,"__typename":"CategorySearchTreeFacetData"},"subCategories":["v2WINBUBCHAWHI"],"__typename":"CategorySearchTreeData"},"__typename":"CategorySearchTreeLevelDataList"},{"categoryCode":"V2SPELACMIL","categoryData":{"facetData":{"count":55,"name":"Melk en Plantaardige dranken","nameNonLocalized":"Milk en Vegetal drinks","query":{"query":{"value":":relevance:facetCategories:V2SPELACMIL%7Cv2SPELAC%7Cv2SPE","__typename":"InternalPageQuery"},"url":"/nl-be/shop/search?q=%3Arelevance%3AfacetCategories%3AV2SPELACMIL%257Cv2SPELAC%257Cv2SPE","__typename":"PageQuery"},"selected":false,"__typename":"CategorySearchTreeFacetData"},"subCategories":[],"__typename":"CategorySearchTreeData"},"__typename":"CategorySearchTreeLevelDataList"},{"categoryCode":"v2DRISOFCOL","categoryData":{"facetData":{"count":55,"name":"Cola","nameNonLocalized":"Colas","query":{"query":{"value":":relevance:facetCategories:v2DRISOFCOL%7Cv2DRISOF%7Cv2DRI","__typename":"InternalPageQuery"},"url":"/nl-be/shop/search?q=%3Arelevance%3AfacetCategories%3Av2DRISOFCOL%257Cv2DRISOF%257Cv2DRI","__typename":"PageQuery"},"selected":false,"__typename":"CategorySearchTreeFacetData"},"subCategories":["v2DRISOFCOLZER"],"__typename":"CategorySearchTreeData"},"__typename":"CategorySearchTreeLevelDataList"},{"categoryCode":"v2HYGDENBRU","categoryData":{"facetData":{"count":55,"name":"Tandenborstels","nameNonLocalized":"Toothbrushes","query":{"query":{"value":":relevance:facetCategories:v2HYGDENBRU%7Cv2HYGDEN%7Cv2HYG","__typename":"InternalPageQuery"},"url":"/nl-be/shop/search?q=%3Arelevance%3AfacetCategories%3Av2HYGDENBRU%257Cv2HYGDEN%257Cv2HYG","__typename":"PageQuery"},"selected":false,"__typename":"CategorySearchTreeFacetData"},"subCategories":["v2HYGDENBRUMAN"],"__typename":"CategorySearchTreeData"},"__typename":"CategorySearchTreeLevelDataList"},{"categoryCode":"v2MEAFISFRE","categoryData":{"facetData":{"count":55,"name":"Verse vis","nameNonLocalized":"Fresh fish","query":{"query":{"value":":relevance:facetCategories:v2MEAFISFRE%7Cv2MEAFIS%7Cv2MEA","__typename":"InternalPageQuery"},"url":"/nl-be/shop/search?q=%3Arelevance%3AfacetCategories%3Av2MEAFISFRE%257Cv2MEAFIS%257Cv2MEA","__typename":"PageQuery"},"selected":false,"__typename":"CategorySearchTreeFacetData"},"subCategories":["v2MEAFISFREOTH"],"__typename":"CategorySearchTreeData"},"__typename":"CategorySearchTreeLevelDataList"},{"categoryCode":"v2CLEKITDIS","categoryData":{"facetData":{"count":54,"name":"Afwasmachine","nameNonLocalized":"Dishwasher","query":{"query":{"value":":relevance:facetCategories:v2CLEKITDIS%7Cv2CLEKIT%7Cv2CLE","__typename":"InternalPageQuery"},"url":"/nl-be/shop/search?q=%3Arelevance%3AfacetCategories%3Av2CLEKITDIS%257Cv2CLEKIT%257Cv2CLE","__typename":"PageQuery"},"selected":false,"__typename":"CategorySearchTreeFacetData"},"subCategories":[],"__typename":"CategorySearchTreeData"},"__typename":"CategorySearchTreeLevelDataList"},{"categoryCode":"v2MEADELAUT","categoryData":{"facetData":{"count":54,"name":"Authentieke gamma charcuterie","nameNonLocalized":"Authentic","query":{"query":{"value":":relevance:facetCategories:v2MEADELAUT%7Cv2MEADEL%7Cv2MEA","__typename":"InternalPageQuery"},"url":"/nl-be/shop/search?q=%3Arelevance%3AfacetCategories%3Av2MEADELAUT%257Cv2MEADEL%257Cv2MEA","__typename":"PageQuery"},"selected":false,"__typename":"CategorySearchTreeFacetData"},"subCategories":[],"__typename":"CategorySearchTreeData"},"__typename":"CategorySearchTreeLevelDataList"},{"categoryCode":"v2SWECANPAS","categoryData":{"facetData":{"count":54,"name":"Pastilles","nameNonLocalized":"Pastilles","query":{"query":{"value":":relevance:facetCategories:v2SWECANPAS%7Cv2SWECAN%7Cv2SWE","__typename":"InternalPageQuery"},"url":"/nl-be/shop/search?q=%3Arelevance%3AfacetCategories%3Av2SWECANPAS%257Cv2SWECAN%257Cv2SWE","__typename":"PageQuery"},"selected":false,"__typename":"CategorySearchTreeFacetData"},"subCategories":[],"__typename":"CategorySearchTreeData"},"__typename":"CategorySearchTreeLevelDataList"},{"categoryCode":"v2HYGINTINC","categoryData":{"facetData":{"count":53,"name":"Incontinentie","nameNonLocalized":"Incontinence","query":{"query":{"value":":relevance:facetCategories:v2HYGINTINC%7Cv2HYGINT%7Cv2HYG","__typename":"InternalPageQuery"},"url":"/nl-be/shop/search?q=%3Arelevance%3AfacetCategories%3Av2HYGINTINC%257Cv2HYGINT%257Cv2HYG","__typename":"PageQuery"},"selected":false,"__typename":"CategorySearchTreeFacetData"},"subCategories":[],"__typename":"CategorySearchTreeData"},"__typename":"CategorySearchTreeLevelDataList"},{"categoryCode":"v2PETDOGSNA","categoryData":{"facetData":{"count":53,"name":"Snacks","nameNonLocalized":"Snacks","query":{"query":{"value":":relevance:facetCategories:v2PETDOGSNA%7Cv2PETDOG%7Cv2PET","__typename":"InternalPageQuery"},"url":"/nl-be/shop/search?q=%3Arelevance%3AfacetCategories%3Av2PETDOGSNA%257Cv2PETDOG%257Cv2PET","__typename":"PageQuery"},"selected":false,"__typename":"CategorySearchTreeFacetData"},"subCategories":["v2PETDOGSNABIS"],"__typename":"CategorySearchTreeData"},"__typename":"CategorySearchTreeLevelDataList"},{"categoryCode":"v2CANFRUFRU","categoryData":{"facetData":{"count":52,"name":"Fruit in conserve","nameNonLocalized":"Canned fruit","query":{"query":{"value":":relevance:facetCategories:v2CANFRUFRU%7Cv2CANFRU%7Cv2CAN","__typename":"InternalPageQuery"},"url":"/nl-be/shop/search?q=%3Arelevance%3AfacetCategories%3Av2CANFRUFRU%257Cv2CANFRU%257Cv2CAN","__typename":"PageQuery"},"selected":false,"__typename":"CategorySearchTreeFacetData"},"subCategories":[],"__typename":"CategorySearchTreeData"},"__typename":"CategorySearchTreeLevelDataList"},{"categoryCode":"v2HYGBODCRE","categoryData":{"facetData":{"count":52,"name":"Crèmes, lotions, melk en andere bodycare producten","nameNonLocalized":"Creams, lotions, milks and other bodycare products","query":{"query":{"value":":relevance:facetCategories:v2HYGBODCRE%7Cv2HYGBOD%7Cv2HYG","__typename":"InternalPageQuery"},"url":"/nl-be/shop/search?q=%3Arelevance%3AfacetCategories%3Av2HYGBODCRE%257Cv2HYGBOD%257Cv2HYG","__typename":"PageQuery"},"selected":false,"__typename":"CategorySearchTreeFacetData"},"subCategories":["v2HYGBODCREMIL"],"__typename":"CategorySearchTreeData"},"__typename":"CategorySearchTreeLevelDataList"},{"categoryCode":"v2WINWHIFRA","categoryData":{"facetData":{"count":52,"name":"Frankrijk","nameNonLocalized":"France","query":{"query":{"value":":relevance:facetCategories:v2WINWHIFRA%7Cv2WINWHI%7Cv2WIN","__typename":"InternalPageQuery"},"url":"/nl-be/shop/search?q=%3Arelevance%3AfacetCategories%3Av2WINWHIFRA%257Cv2WINWHI%257Cv2WIN","__typename":"PageQuery"},"selected":false,"__typename":"CategorySearchTreeFacetData"},"subCategories":[],"__typename":"CategorySearchTreeData"},"__typename":"CategorySearchTreeLevelDataList"},{"categoryCode":"v2DELDISOTH","categoryData":{"facetData":{"count":51,"name":"Klassieke gerechten","nameNonLocalized":"Classic Main Dishes","query":{"query":{"value":":relevance:facetCategories:v2DELDISOTH%7Cv2DELDIS%7Cv2DEL","__typename":"InternalPageQuery"},"url":"/nl-be/shop/search?q=%3Arelevance%3AfacetCategories%3Av2DELDISOTH%257Cv2DELDIS%257Cv2DEL","__typename":"PageQuery"},"selected":false,"__typename":"CategorySearchTreeFacetData"},"subCategories":[],"__typename":"CategorySearchTreeData"},"__typename":"CategorySearchTreeLevelDataList"},{"categoryCode":"v2DRIBEELOC","categoryData":{"facetData":{"count":51,"name":"Lokaal bier","nameNonLocalized":"Local beers","query":{"query":{"value":":relevance:facetCategories:v2DRIBEELOC%7Cv2DRIBEE%7Cv2DRI","__typename":"InternalPageQuery"},"url":"/nl-be/shop/search?q=%3Arelevance%3AfacetCategories%3Av2DRIBEELOC%257Cv2DRIBEE%257Cv2DRI","__typename":"PageQuery"},"selected":false,"__typename":"CategorySearchTreeFacetData"},"subCategories":["v2DRIBEELOCLIE"],"__typename":"CategorySearchTreeData"},"__typename":"CategorySearchTreeLevelDataList"},{"categoryCode":"v2MEADELSAL","categoryData":{"facetData":{"count":51,"name":"Salami","nameNonLocalized":"Salami","query":{"query":{"value":":relevance:facetCategories:v2MEADELSAL%7Cv2MEADEL%7Cv2MEA","__typename":"InternalPageQuery"},"url":"/nl-be/shop/search?q=%3Arelevance%3AfacetCategories%3Av2MEADELSAL%257Cv2MEADEL%257Cv2MEA","__typename":"PageQuery"},"selected":false,"__typename":"CategorySearchTreeFacetData"},"subCategories":["v2MEADELSALPOR"],"__typename":"CategorySearchTreeData"},"__typename":"CategorySearchTreeLevelDataList"},{"categoryCode":"v2CLESURFLO","categoryData":{"facetData":{"count":50,"name":"Vloeren","nameNonLocalized":"Flooring","query":{"query":{"value":":relevance:facetCategories:v2CLESURFLO%7Cv2CLESUR%7Cv2CLE","__typename":"InternalPageQuery"},"url":"/nl-be/shop/search?q=%3Arelevance%3AfacetCategories%3Av2CLESURFLO%257Cv2CLESUR%257Cv2CLE","__typename":"PageQuery"},"selected":false,"__typename":"CategorySearchTreeFacetData"},"subCategories":[],"__typename":"CategorySearchTreeData"},"__typename":"CategorySearchTreeLevelDataList"},{"categoryCode":"v2HYGBODSHA","categoryData":{"facetData":{"count":50,"name":"Haarverwijdering en scheren","nameNonLocalized":"Hair removal and shaving","query":{"query":{"value":":relevance:facetCategories:v2HYGBODSHA%7Cv2HYGBOD%7Cv2HYG","__typename":"InternalPageQuery"},"url":"/nl-be/shop/search?q=%3Arelevance%3AfacetCategories%3Av2HYGBODSHA%257Cv2HYGBOD%257Cv2HYG","__typename":"PageQuery"},"selected":false,"__typename":"CategorySearchTreeFacetData"},"subCategories":["v2HYGBODSHASHA"],"__typename":"CategorySearchTreeData"},"__typename":"CategorySearchTreeLevelDataList"},{"categoryCode":"v2SALPASRIC","categoryData":{"facetData":{"count":50,"name":"Rijst","nameNonLocalized":"Rice","query":{"query":{"value":":relevance:facetCategories:v2SALPASRIC%7Cv2SALPAS%7Cv2SAL","__typename":"InternalPageQuery"},"url":"/nl-be/shop/search?q=%3Arelevance%3AfacetCategories%3Av2SALPASRIC%257Cv2SALPAS%257Cv2SAL","__typename":"PageQuery"},"selected":false,"__typename":"CategorySearchTreeFacetData"},"subCategories":[],"__typename":"CategorySearchTreeData"},"__typename":"CategorySearchTreeLevelDataList"},{"categoryCode":"v2NONSTAWRI","categoryData":{"facetData":{"count":49,"name":"Kleine apparatuur en schrijven","nameNonLocalized":"Small equipment and writing","query":{"query":{"value":":relevance:facetCategories:v2NONSTAWRI%7Cv2NONSTA%7Cv2NON","__typename":"InternalPageQuery"},"url":"/nl-be/shop/search?q=%3Arelevance%3AfacetCategories%3Av2NONSTAWRI%257Cv2NONSTA%257Cv2NON","__typename":"PageQuery"},"selected":false,"__typename":"CategorySearchTreeFacetData"},"subCategories":[],"__typename":"CategorySearchTreeData"},"__typename":"CategorySearchTreeLevelDataList"},{"categoryCode":"v2SALSAUMAY","categoryData":{"facetData":{"count":49,"name":"Mayonaise","nameNonLocalized":"Mayonnaise","query":{"query":{"value":":relevance:facetCategories:v2SALSAUMAY%7Cv2SALSAU%7Cv2SAL","__typename":"InternalPageQuery"},"url":"/nl-be/shop/search?q=%3Arelevance%3AfacetCategories%3Av2SALSAUMAY%257Cv2SALSAU%257Cv2SAL","__typename":"PageQuery"},"selected":false,"__typename":"CategorySearchTreeFacetData"},"subCategories":[],"__typename":"CategorySearchTreeData"},"__typename":"CategorySearchTreeLevelDataList"},{"categoryCode":"v2SALWORITA","categoryData":{"facetData":{"count":49,"name":"Italië","nameNonLocalized":"Italy","query":{"query":{"value":":relevance:facetCategories:v2SALWORITA%7Cv2SALWOR%7Cv2SAL","__typename":"InternalPageQuery"},"url":"/nl-be/shop/search?q=%3Arelevance%3AfacetCategories%3Av2SALWORITA%257Cv2SALWOR%257Cv2SAL","__typename":"PageQuery"},"selected":false,"__typename":"CategorySearchTreeFacetData"},"subCategories":[],"__typename":"CategorySearchTreeData"},"__typename":"CategorySearchTreeLevelDataList"},{"categoryCode":"v2FROICESTI","categoryData":{"facetData":{"count":48,"name":"Sticks","nameNonLocalized":"Sticks","query":{"query":{"value":":relevance:facetCategories:v2FROICESTI%7Cv2FROICE%7Cv2FRO","__typename":"InternalPageQuery"},"url":"/nl-be/shop/search?q=%3Arelevance%3AfacetCategories%3Av2FROICESTI%257Cv2FROICE%257Cv2FRO","__typename":"PageQuery"},"selected":false,"__typename":"CategorySearchTreeFacetData"},"subCategories":[],"__typename":"CategorySearchTreeData"},"__typename":"CategorySearchTreeLevelDataList"},{"categoryCode":"v2SALSPIHER","categoryData":{"facetData":{"count":48,"name":"Kruiden","nameNonLocalized":"Herbs","query":{"query":{"value":":relevance:facetCategories:v2SALSPIHER%7Cv2SALSPI%7Cv2SAL","__typename":"InternalPageQuery"},"url":"/nl-be/shop/search?q=%3Arelevance%3AfacetCategories%3Av2SALSPIHER%257Cv2SALSPI%257Cv2SAL","__typename":"PageQuery"},"selected":false,"__typename":"CategorySearchTreeFacetData"},"subCategories":["v2SALSPIHERGRO"],"__typename":"CategorySearchTreeData"},"__typename":"CategorySearchTreeLevelDataList"},{"categoryCode":"v2SALWORMEX","categoryData":{"facetData":{"count":48,"name":"Mexico","nameNonLocalized":"Mexico","query":{"query":{"value":":relevance:facetCategories:v2SALWORMEX%7Cv2SALWOR%7Cv2SAL","__typename":"InternalPageQuery"},"url":"/nl-be/shop/search?q=%3Arelevance%3AfacetCategories%3Av2SALWORMEX%257Cv2SALWOR%257Cv2SAL","__typename":"PageQuery"},"selected":false,"__typename":"CategorySearchTreeFacetData"},"subCategories":[],"__typename":"CategorySearchTreeData"},"__typename":"CategorySearchTreeLevelDataList"},{"categoryCode":"v2SWEBISKID","categoryData":{"facetData":{"count":48,"name":"Kids biscuits","nameNonLocalized":"Kinderkoekjes","query":{"query":{"value":":relevance:facetCategories:v2SWEBISKID%7Cv2SWEBIS%7Cv2SWE","__typename":"InternalPageQuery"},"url":"/nl-be/shop/search?q=%3Arelevance%3AfacetCategories%3Av2SWEBISKID%257Cv2SWEBIS%257Cv2SWE","__typename":"PageQuery"},"selected":false,"__typename":"CategorySearchTreeFacetData"},"subCategories":[],"__typename":"CategorySearchTreeData"},"__typename":"CategorySearchTreeLevelDataList"},{"categoryCode":"V2DAICHEASS","categoryData":{"facetData":{"count":47,"name":"Snacking, Aperitief & Salade","nameNonLocalized":"Snacking, Appetizer & Sla","query":{"query":{"value":":relevance:facetCategories:V2DAICHEASS%7Cv2DAICHE%7Cv2DAI","__typename":"InternalPageQuery"},"url":"/nl-be/shop/search?q=%3Arelevance%3AfacetCategories%3AV2DAICHEASS%257Cv2DAICHE%257Cv2DAI","__typename":"PageQuery"},"selected":false,"__typename":"CategorySearchTreeFacetData"},"subCategories":[],"__typename":"CategorySearchTreeData"},"__typename":"CategorySearchTreeLevelDataList"},{"categoryCode":"v2DRIALCGIN","categoryData":{"facetData":{"count":47,"name":"Gin","nameNonLocalized":"Gin","query":{"query":{"value":":relevance:facetCategories:v2DRIALCGIN%7Cv2DRIALC%7Cv2DRI","__typename":"InternalPageQuery"},"url":"/nl-be/shop/search?q=%3Arelevance%3AfacetCategories%3Av2DRIALCGIN%257Cv2DRIALC%257Cv2DRI","__typename":"PageQuery"},"selected":false,"__typename":"CategorySearchTreeFacetData"},"subCategories":[],"__typename":"CategorySearchTreeData"},"__typename":"CategorySearchTreeLevelDataList"},{"categoryCode":"v2SPELACYAO","categoryData":{"facetData":{"count":47,"name":"Yoghurt en Dessert","nameNonLocalized":"Yoghurt en Dessert","query":{"query":{"value":":relevance:facetCategories:v2SPELACYAO%7Cv2SPELAC%7Cv2SPE","__typename":"InternalPageQuery"},"url":"/nl-be/shop/search?q=%3Arelevance%3AfacetCategories%3Av2SPELACYAO%257Cv2SPELAC%257Cv2SPE","__typename":"PageQuery"},"selected":false,"__typename":"CategorySearchTreeFacetData"},"subCategories":[],"__typename":"CategorySearchTreeData"},"__typename":"CategorySearchTreeLevelDataList"},{"categoryCode":"v2SWECHOGIF","categoryData":{"facetData":{"count":47,"name":"Pralines & chocolade geschenken","nameNonLocalized":"Pralines & chocolate to offer","query":{"query":{"value":":relevance:facetCategories:v2SWECHOGIF%7Cv2SWECHO%7Cv2SWE","__typename":"InternalPageQuery"},"url":"/nl-be/shop/search?q=%3Arelevance%3AfacetCategories%3Av2SWECHOGIF%257Cv2SWECHO%257Cv2SWE","__typename":"PageQuery"},"selected":false,"__typename":"CategorySearchTreeFacetData"},"subCategories":[],"__typename":"CategorySearchTreeData"},"__typename":"CategorySearchTreeLevelDataList"},{"categoryCode":"v2CANVEGLEN","categoryData":{"facetData":{"count":46,"name":"Linzen, bonen en andere peulvruchten in conserve","nameNonLocalized":"Lentils, beans and other","query":{"query":{"value":":relevance:facetCategories:v2CANVEGLEN%7Cv2CANVEG%7Cv2CAN","__typename":"InternalPageQuery"},"url":"/nl-be/shop/search?q=%3Arelevance%3AfacetCategories%3Av2CANVEGLEN%257Cv2CANVEG%257Cv2CAN","__typename":"PageQuery"},"selected":false,"__typename":"CategorySearchTreeFacetData"},"subCategories":["v2CANVEGLENBEA"],"__typename":"CategorySearchTreeData"},"__typename":"CategorySearchTreeLevelDataList"},{"categoryCode":"v2DAIYOGDRI","categoryData":{"facetData":{"count":46,"name":"Drinkyoghurt","nameNonLocalized":"Yoghurt drink","query":{"query":{"value":":relevance:facetCategories:v2DAIYOGDRI%7Cv2DAIYOG%7Cv2DAI","__typename":"InternalPageQuery"},"url":"/nl-be/shop/search?q=%3Arelevance%3AfacetCategories%3Av2DAIYOGDRI%257Cv2DAIYOG%257Cv2DAI","__typename":"PageQuery"},"selected":false,"__typename":"CategorySearchTreeFacetData"},"subCategories":[],"__typename":"CategorySearchTreeData"},"__typename":"CategorySearchTreeLevelDataList"},{"categoryCode":"v2DELAPETAP","categoryData":{"facetData":{"count":46,"name":"Tapas","nameNonLocalized":"Tapas","query":{"query":{"value":":relevance:facetCategories:v2DELAPETAP%7Cv2DELAPE%7Cv2DEL","__typename":"InternalPageQuery"},"url":"/nl-be/shop/search?q=%3Arelevance%3AfacetCategories%3Av2DELAPETAP%257Cv2DELAPE%257Cv2DEL","__typename":"PageQuery"},"selected":false,"__typename":"CategorySearchTreeFacetData"},"subCategories":[],"__typename":"CategorySearchTreeData"},"__typename":"CategorySearchTreeLevelDataList"},{"categoryCode":"v2MEADELSMO","categoryData":{"facetData":{"count":46,"name":"Gedroogde en gerookte ham","nameNonLocalized":"Dried/smoked Ham","query":{"query":{"value":":relevance:facetCategories:v2MEADELSMO%7Cv2MEADEL%7Cv2MEA","__typename":"InternalPageQuery"},"url":"/nl-be/shop/search?q=%3Arelevance%3AfacetCategories%3Av2MEADELSMO%257Cv2MEADEL%257Cv2MEA","__typename":"PageQuery"},"selected":false,"__typename":"CategorySearchTreeFacetData"},"subCategories":[],"__typename":"CategorySearchTreeData"},"__typename":"CategorySearchTreeLevelDataList"},{"categoryCode":"v2CLELAUTRE","categoryData":{"facetData":{"count":45,"name":"Wasverzorging","nameNonLocalized":"Treatments","query":{"query":{"value":":relevance:facetCategories:v2CLELAUTRE%7Cv2CLELAU%7Cv2CLE","__typename":"InternalPageQuery"},"url":"/nl-be/shop/search?q=%3Arelevance%3AfacetCategories%3Av2CLELAUTRE%257Cv2CLELAU%257Cv2CLE","__typename":"PageQuery"},"selected":false,"__typename":"CategorySearchTreeFacetData"},"subCategories":["v2CLELAUTREDET"],"__typename":"CategorySearchTreeData"},"__typename":"CategorySearchTreeLevelDataList"},{"categoryCode":"v2FROVEGRAW","categoryData":{"facetData":{"count":45,"name":"Diepvries natuurlijke groenten","nameNonLocalized":"Natural frozen vegetables","query":{"query":{"value":":relevance:facetCategories:v2FROVEGRAW%7Cv2FROVEG%7Cv2FRO","__typename":"InternalPageQuery"},"url":"/nl-be/shop/search?q=%3Arelevance%3AfacetCategories%3Av2FROVEGRAW%257Cv2FROVEG%257Cv2FRO","__typename":"PageQuery"},"selected":false,"__typename":"CategorySearchTreeFacetData"},"subCategories":[],"__typename":"CategorySearchTreeData"},"__typename":"CategorySearchTreeLevelDataList"},{"categoryCode":"v2SWEDESFLO","categoryData":{"facetData":{"count":45,"name":"Bloem","nameNonLocalized":"Flour","query":{"query":{"value":":relevance:facetCategories:v2SWEDESFLO%7Cv2SWEDES%7Cv2SWE","__typename":"InternalPageQuery"},"url":"/nl-be/shop/search?q=%3Arelevance%3AfacetCategories%3Av2SWEDESFLO%257Cv2SWEDES%257Cv2SWE","__typename":"PageQuery"},"selected":false,"__typename":"CategorySearchTreeFacetData"},"subCategories":[],"__typename":"CategorySearchTreeData"},"__typename":"CategorySearchTreeLevelDataList"},{"categoryCode":"v2CANFRUCOM","categoryData":{"facetData":{"count":44,"name":"Compote","nameNonLocalized":"Compotes","query":{"query":{"value":":relevance:facetCategories:v2CANFRUCOM%7Cv2CANFRU%7Cv2CAN","__typename":"InternalPageQuery"},"url":"/nl-be/shop/search?q=%3Arelevance%3AfacetCategories%3Av2CANFRUCOM%257Cv2CANFRU%257Cv2CAN","__typename":"PageQuery"},"selected":false,"__typename":"CategorySearchTreeFacetData"},"subCategories":["v2CANFRUCOMAPP"],"__typename":"CategorySearchTreeData"},"__typename":"CategorySearchTreeLevelDataList"},{"categoryCode":"v2PETCATDRY","categoryData":{"facetData":{"count":44,"name":"Droogvoer kat","nameNonLocalized":"Dry food","query":{"query":{"value":":relevance:facetCategories:v2PETCATDRY%7Cv2PETCAT%7Cv2PET","__typename":"InternalPageQuery"},"url":"/nl-be/shop/search?q=%3Arelevance%3AfacetCategories%3Av2PETCATDRY%257Cv2PETCAT%257Cv2PET","__typename":"PageQuery"},"selected":false,"__typename":"CategorySearchTreeFacetData"},"subCategories":[],"__typename":"CategorySearchTreeData"},"__typename":"CategorySearchTreeLevelDataList"},{"categoryCode":"v2SALPASSNA","categoryData":{"facetData":{"count":44,"name":"Snacks en bereide maaltijden","nameNonLocalized":"Snacks and ready-made dishes","query":{"query":{"value":":relevance:facetCategories:v2SALPASSNA%7Cv2SALPAS%7Cv2SAL","__typename":"InternalPageQuery"},"url":"/nl-be/shop/search?q=%3Arelevance%3AfacetCategories%3Av2SALPASSNA%257Cv2SALPAS%257Cv2SAL","__typename":"PageQuery"},"selected":false,"__typename":"CategorySearchTreeFacetData"},"subCategories":["v2SALPASSNAINS"],"__typename":"CategorySearchTreeData"},"__typename":"CategorySearchTreeLevelDataList"},{"categoryCode":"v2BIOISBIOCAN","categoryData":{"facetData":{"count":43,"name":"Conserven","nameNonLocalized":"Canned food","query":{"query":{"value":":relevance:facetCategories:v2BIOISBIOCAN%7Cv2BIOISBIO%7Cv2BIO","__typename":"InternalPageQuery"},"url":"/nl-be/shop/search?q=%3Arelevance%3AfacetCategories%3Av2BIOISBIOCAN%257Cv2BIOISBIO%257Cv2BIO","__typename":"PageQuery"},"selected":false,"__typename":"CategorySearchTreeFacetData"},"subCategories":[],"__typename":"CategorySearchTreeData"},"__typename":"CategorySearchTreeLevelDataList"},{"categoryCode":"v2MEADELHAM","categoryData":{"facetData":{"count":43,"name":"Gekookte ham","nameNonLocalized":"Cooked Ham","query":{"query":{"value":":relevance:facetCategories:v2MEADELHAM%7Cv2MEADEL%7Cv2MEA","__typename":"InternalPageQuery"},"url":"/nl-be/shop/search?q=%3Arelevance%3AfacetCategories%3Av2MEADELHAM%257Cv2MEADEL%257Cv2MEA","__typename":"PageQuery"},"selected":false,"__typename":"CategorySearchTreeFacetData"},"subCategories":["v2MEADELHAMOTH"],"__typename":"CategorySearchTreeData"},"__typename":"CategorySearchTreeLevelDataList"},{"categoryCode":"v2SWECHOEVE","categoryData":{"facetData":{"count":43,"name":"Seizoenchocolade","nameNonLocalized":"Seasonal chocolates","query":{"query":{"value":":relevance:facetCategories:v2SWECHOEVE%7Cv2SWECHO%7Cv2SWE","__typename":"InternalPageQuery"},"url":"/nl-be/shop/search?q=%3Arelevance%3AfacetCategories%3Av2SWECHOEVE%257Cv2SWECHO%257Cv2SWE","__typename":"PageQuery"},"selected":false,"__typename":"CategorySearchTreeFacetData"},"subCategories":[],"__typename":"CategorySearchTreeData"},"__typename":"CategorySearchTreeLevelDataList"},{"categoryCode":"v2DRIBEEPIL","categoryData":{"facetData":{"count":42,"name":"Pils en tafelbier","nameNonLocalized":"Pils and table beers","query":{"query":{"value":":relevance:facetCategories:v2DRIBEEPIL%7Cv2DRIBEE%7Cv2DRI","__typename":"InternalPageQuery"},"url":"/nl-be/shop/search?q=%3Arelevance%3AfacetCategories%3Av2DRIBEEPIL%257Cv2DRIBEE%257Cv2DRI","__typename":"PageQuery"},"selected":false,"__typename":"CategorySearchTreeFacetData"},"subCategories":[],"__typename":"CategorySearchTreeData"},"__typename":"CategorySearchTreeLevelDataList"},{"categoryCode":"v2DRIBEEABB","categoryData":{"facetData":{"count":41,"name":"Abdijbier","nameNonLocalized":"Abbey beers","query":{"query":{"value":":relevance:facetCategories:v2DRIBEEABB%7Cv2DRIBEE%7Cv2DRI","__typename":"InternalPageQuery"},"url":"/nl-be/shop/search?q=%3Arelevance%3AfacetCategories%3Av2DRIBEEABB%257Cv2DRIBEE%257Cv2DRI","__typename":"PageQuery"},"selected":false,"__typename":"CategorySearchTreeFacetData"},"subCategories":["v2DRIBEEABBBLO"],"__typename":"CategorySearchTreeData"},"__typename":"CategorySearchTreeLevelDataList"},{"categoryCode":"v2DRISYROTH","categoryData":{"facetData":{"count":41,"name":"Andere","nameNonLocalized":"Other","query":{"query":{"value":":relevance:facetCategories:v2DRISYROTH%7Cv2DRISYR%7Cv2DRI","__typename":"InternalPageQuery"},"url":"/nl-be/shop/search?q=%3Arelevance%3AfacetCategories%3Av2DRISYROTH%257Cv2DRISYR%257Cv2DRI","__typename":"PageQuery"},"selected":false,"__typename":"CategorySearchTreeFacetData"},"subCategories":[],"__typename":"CategorySearchTreeData"},"__typename":"CategorySearchTreeLevelDataList"},{"categoryCode":"v2FRUVEGSAL","categoryData":{"facetData":{"count":41,"name":"Sla en bladgroenten","nameNonLocalized":"Salad and leafy vegetables","query":{"query":{"value":":relevance:facetCategories:v2FRUVEGSAL%7Cv2FRUVEG%7Cv2FRU","__typename":"InternalPageQuery"},"url":"/nl-be/shop/search?q=%3Arelevance%3AfacetCategories%3Av2FRUVEGSAL%257Cv2FRUVEG%257Cv2FRU","__typename":"PageQuery"},"selected":false,"__typename":"CategorySearchTreeFacetData"},"subCategories":["v2FRUVEGSALREA"],"__typename":"CategorySearchTreeData"},"__typename":"CategorySearchTreeLevelDataList"},{"categoryCode":"v2DAIYOGLAC","categoryData":{"facetData":{"count":40,"name":"Lactosevrij","nameNonLocalized":"Lactosefree","query":{"query":{"value":":relevance:facetCategories:v2DAIYOGLAC%7Cv2DAIYOG%7Cv2DAI","__typename":"InternalPageQuery"},"url":"/nl-be/shop/search?q=%3Arelevance%3AfacetCategories%3Av2DAIYOGLAC%257Cv2DAIYOG%257Cv2DAI","__typename":"PageQuery"},"selected":false,"__typename":"CategorySearchTreeFacetData"},"subCategories":[],"__typename":"CategorySearchTreeData"},"__typename":"CategorySearchTreeLevelDataList"},{"categoryCode":"v2FRUREAPRE","categoryData":{"facetData":{"count":40,"name":"Voorgesneden groenten","nameNonLocalized":"Pre-cut vegetables","query":{"query":{"value":":relevance:facetCategories:v2FRUREAPRE%7Cv2FRUREA%7Cv2FRU","__typename":"InternalPageQuery"},"url":"/nl-be/shop/search?q=%3Arelevance%3AfacetCategories%3Av2FRUREAPRE%257Cv2FRUREA%257Cv2FRU","__typename":"PageQuery"},"selected":false,"__typename":"CategorySearchTreeFacetData"},"subCategories":["v2FRUREAPREOTH"],"__typename":"CategorySearchTreeData"},"__typename":"CategorySearchTreeLevelDataList"},{"categoryCode":"v2HYGINTTIS","categoryData":{"facetData":{"count":40,"name":"Maandverbanden","nameNonLocalized":"Sanitary napkins","query":{"query":{"value":":relevance:facetCategories:v2HYGINTTIS%7Cv2HYGINT%7Cv2HYG","__typename":"InternalPageQuery"},"url":"/nl-be/shop/search?q=%3Arelevance%3AfacetCategories%3Av2HYGINTTIS%257Cv2HYGINT%257Cv2HYG","__typename":"PageQuery"},"selected":false,"__typename":"CategorySearchTreeFacetData"},"subCategories":["v2HYGINTTISWIN"],"__typename":"CategorySearchTreeData"},"__typename":"CategorySearchTreeLevelDataList"},{"categoryCode":"v2SWECANGUM","categoryData":{"facetData":{"count":40,"name":"Kauwgom","nameNonLocalized":"Gum","query":{"query":{"value":":relevance:facetCategories:v2SWECANGUM%7Cv2SWECAN%7Cv2SWE","__typename":"InternalPageQuery"},"url":"/nl-be/shop/search?q=%3Arelevance%3AfacetCategories%3Av2SWECANGUM%257Cv2SWECAN%257Cv2SWE","__typename":"PageQuery"},"selected":false,"__typename":"CategorySearchTreeFacetData"},"subCategories":[],"__typename":"CategorySearchTreeData"},"__typename":"CategorySearchTreeLevelDataList"},{"categoryCode":"v2DRISOFSTI","categoryData":{"facetData":{"count":39,"name":"Andere niet-bruisende frisdranken","nameNonLocalized":"Other non-sparkling sodas","query":{"query":{"value":":relevance:facetCategories:v2DRISOFSTI%7Cv2DRISOF%7Cv2DRI","__typename":"InternalPageQuery"},"url":"/nl-be/shop/search?q=%3Arelevance%3AfacetCategories%3Av2DRISOFSTI%257Cv2DRISOF%257Cv2DRI","__typename":"PageQuery"},"selected":false,"__typename":"CategorySearchTreeFacetData"},"subCategories":["v2DRISOFSTIMUL"],"__typename":"CategorySearchTreeData"},"__typename":"CategorySearchTreeLevelDataList"},{"categoryCode":"v2NONACCPLA","categoryData":{"facetData":{"count":39,"name":"Plastic opbergers en accessoires","nameNonLocalized":"Plastic storage and accessories","query":{"query":{"value":":relevance:facetCategories:v2NONACCPLA%7Cv2NONACC%7Cv2NON","__typename":"InternalPageQuery"},"url":"/nl-be/shop/search?q=%3Arelevance%3AfacetCategories%3Av2NONACCPLA%257Cv2NONACC%257Cv2NON","__typename":"PageQuery"},"selected":false,"__typename":"CategorySearchTreeFacetData"},"subCategories":[],"__typename":"CategorySearchTreeData"},"__typename":"CategorySearchTreeLevelDataList"},{"categoryCode":"v2SALWORTHA","categoryData":{"facetData":{"count":39,"name":"Thailand","nameNonLocalized":"Thailand","query":{"query":{"value":":relevance:facetCategories:v2SALWORTHA%7Cv2SALWOR%7Cv2SAL","__typename":"InternalPageQuery"},"url":"/nl-be/shop/search?q=%3Arelevance%3AfacetCategories%3Av2SALWORTHA%257Cv2SALWOR%257Cv2SAL","__typename":"PageQuery"},"selected":false,"__typename":"CategorySearchTreeFacetData"},"subCategories":[],"__typename":"CategorySearchTreeData"},"__typename":"CategorySearchTreeLevelDataList"},{"categoryCode":"v2SPESPOBAR","categoryData":{"facetData":{"count":39,"name":"Repen","nameNonLocalized":"Bars","query":{"query":{"value":":relevance:facetCategories:v2SPESPOBAR%7Cv2SPESPO%7Cv2SPE","__typename":"InternalPageQuery"},"url":"/nl-be/shop/search?q=%3Arelevance%3AfacetCategories%3Av2SPESPOBAR%257Cv2SPESPO%257Cv2SPE","__typename":"PageQuery"},"selected":false,"__typename":"CategorySearchTreeFacetData"},"subCategories":[],"__typename":"CategorySearchTreeData"},"__typename":"CategorySearchTreeLevelDataList"},{"categoryCode":"v2DRIALCRUM","categoryData":{"facetData":{"count":38,"name":"Rhum","nameNonLocalized":"Rum","query":{"query":{"value":":relevance:facetCategories:v2DRIALCRUM%7Cv2DRIALC%7Cv2DRI","__typename":"InternalPageQuery"},"url":"/nl-be/shop/search?q=%3Arelevance%3AfacetCategories%3Av2DRIALCRUM%257Cv2DRIALC%257Cv2DRI","__typename":"PageQuery"},"selected":false,"__typename":"CategorySearchTreeFacetData"},"subCategories":[],"__typename":"CategorySearchTreeData"},"__typename":"CategorySearchTreeLevelDataList"},{"categoryCode":"v2DRIWATSTI","categoryData":{"facetData":{"count":38,"name":"Plat water","nameNonLocalized":"Still water","query":{"query":{"value":":relevance:facetCategories:v2DRIWATSTI%7Cv2DRIWAT%7Cv2DRI","__typename":"InternalPageQuery"},"url":"/nl-be/shop/search?q=%3Arelevance%3AfacetCategories%3Av2DRIWATSTI%257Cv2DRIWAT%257Cv2DRI","__typename":"PageQuery"},"selected":false,"__typename":"CategorySearchTreeFacetData"},"subCategories":[],"__typename":"CategorySearchTreeData"},"__typename":"CategorySearchTreeLevelDataList"},{"categoryCode":"v2PETDOGDRY","categoryData":{"facetData":{"count":38,"name":"Droogvoer hond","nameNonLocalized":"Dry food","query":{"query":{"value":":relevance:facetCategories:v2PETDOGDRY%7Cv2PETDOG%7Cv2PET","__typename":"InternalPageQuery"},"url":"/nl-be/shop/search?q=%3Arelevance%3AfacetCategories%3Av2PETDOGDRY%257Cv2PETDOG%257Cv2PET","__typename":"PageQuery"},"selected":false,"__typename":"CategorySearchTreeFacetData"},"subCategories":["v2PETDOGDRYMED"],"__typename":"CategorySearchTreeData"},"__typename":"CategorySearchTreeLevelDataList"},{"categoryCode":"v2SWECHOBAR","categoryData":{"facetData":{"count":38,"name":"Chocolade repen","nameNonLocalized":"Chocolate bars","query":{"query":{"value":":relevance:facetCategories:v2SWECHOBAR%7Cv2SWECHO%7Cv2SWE","__typename":"InternalPageQuery"},"url":"/nl-be/shop/search?q=%3Arelevance%3AfacetCategories%3Av2SWECHOBAR%257Cv2SWECHO%257Cv2SWE","__typename":"PageQuery"},"selected":false,"__typename":"CategorySearchTreeFacetData"},"subCategories":[],"__typename":"CategorySearchTreeData"},"__typename":"CategorySearchTreeLevelDataList"},{"categoryCode":"v2DELSIDPOT","categoryData":{"facetData":{"count":37,"name":"Puree, gratin en kroketten","nameNonLocalized":"Mash, gratins and croquettes","query":{"query":{"value":":relevance:facetCategories:v2DELSIDPOT%7Cv2DELSID%7Cv2DEL","__typename":"InternalPageQuery"},"url":"/nl-be/shop/search?q=%3Arelevance%3AfacetCategories%3Av2DELSIDPOT%257Cv2DELSID%257Cv2DEL","__typename":"PageQuery"},"selected":false,"__typename":"CategorySearchTreeFacetData"},"subCategories":["v2DELSIDPOTMAS"],"__typename":"CategorySearchTreeData"},"__typename":"CategorySearchTreeLevelDataList"},{"categoryCode":"v2FROPIZITA","categoryData":{"facetData":{"count":37,"name":"Italiaanse stijl","nameNonLocalized":"Italian style","query":{"query":{"value":":relevance:facetCategories:v2FROPIZITA%7Cv2FROPIZ%7Cv2FRO","__typename":"InternalPageQuery"},"url":"/nl-be/shop/search?q=%3Arelevance%3AfacetCategories%3Av2FROPIZITA%257Cv2FROPIZ%257Cv2FRO","__typename":"PageQuery"},"selected":false,"__typename":"CategorySearchTreeFacetData"},"subCategories":[],"__typename":"CategorySearchTreeData"},"__typename":"CategorySearchTreeLevelDataList"},{"categoryCode":"v2FROVEGPRE","categoryData":{"facetData":{"count":37,"name":"Kant-en-klaar maaltijden","nameNonLocalized":"Ready meals","query":{"query":{"value":":relevance:facetCategories:v2FROVEGPRE%7Cv2FROVEG%7Cv2FRO","__typename":"InternalPageQuery"},"url":"/nl-be/shop/search?q=%3Arelevance%3AfacetCategories%3Av2FROVEGPRE%257Cv2FROVEG%257Cv2FRO","__typename":"PageQuery"},"selected":false,"__typename":"CategorySearchTreeFacetData"},"subCategories":[],"__typename":"CategorySearchTreeData"},"__typename":"CategorySearchTreeLevelDataList"},{"categoryCode":"v2MEADELBAC","categoryData":{"facetData":{"count":37,"name":"Spek","nameNonLocalized":"Bacon","query":{"query":{"value":":relevance:facetCategories:v2MEADELBAC%7Cv2MEADEL%7Cv2MEA","__typename":"InternalPageQuery"},"url":"/nl-be/shop/search?q=%3Arelevance%3AfacetCategories%3Av2MEADELBAC%257Cv2MEADEL%257Cv2MEA","__typename":"PageQuery"},"selected":false,"__typename":"CategorySearchTreeFacetData"},"subCategories":[],"__typename":"CategorySearchTreeData"},"__typename":"CategorySearchTreeLevelDataList"},{"categoryCode":"v2SWEBISWAF","categoryData":{"facetData":{"count":37,"name":"Wafels","nameNonLocalized":"Waffles","query":{"query":{"value":":relevance:facetCategories:v2SWEBISWAF%7Cv2SWEBIS%7Cv2SWE","__typename":"InternalPageQuery"},"url":"/nl-be/shop/search?q=%3Arelevance%3AfacetCategories%3Av2SWEBISWAF%257Cv2SWEBIS%257Cv2SWE","__typename":"PageQuery"},"selected":false,"__typename":"CategorySearchTreeFacetData"},"subCategories":[],"__typename":"CategorySearchTreeData"},"__typename":"CategorySearchTreeLevelDataList"},{"categoryCode":"v2SWEDESMIX","categoryData":{"facetData":{"count":37,"name":"Dessertmix","nameNonLocalized":"Desserts mix","query":{"query":{"value":":relevance:facetCategories:v2SWEDESMIX%7Cv2SWEDES%7Cv2SWE","__typename":"InternalPageQuery"},"url":"/nl-be/shop/search?q=%3Arelevance%3AfacetCategories%3Av2SWEDESMIX%257Cv2SWEDES%257Cv2SWE","__typename":"PageQuery"},"selected":false,"__typename":"CategorySearchTreeFacetData"},"subCategories":[],"__typename":"CategorySearchTreeData"},"__typename":"CategorySearchTreeLevelDataList"},{"categoryCode":"v2DAICULCRE","categoryData":{"facetData":{"count":36,"name":"Culinaire room","nameNonLocalized":"Culinary creams","query":{"query":{"value":":relevance:facetCategories:v2DAICULCRE%7Cv2DAICUL%7Cv2DAI","__typename":"InternalPageQuery"},"url":"/nl-be/shop/search?q=%3Arelevance%3AfacetCategories%3Av2DAICULCRE%257Cv2DAICUL%257Cv2DAI","__typename":"PageQuery"},"selected":false,"__typename":"CategorySearchTreeFacetData"},"subCategories":[],"__typename":"CategorySearchTreeData"},"__typename":"CategorySearchTreeLevelDataList"},{"categoryCode":"v2DELPASFIL","categoryData":{"facetData":{"count":36,"name":"Gevulde pasta","nameNonLocalized":"Filled","query":{"query":{"value":":relevance:facetCategories:v2DELPASFIL%7Cv2DELPAS%7Cv2DEL","__typename":"InternalPageQuery"},"url":"/nl-be/shop/search?q=%3Arelevance%3AfacetCategories%3Av2DELPASFIL%257Cv2DELPAS%257Cv2DEL","__typename":"PageQuery"},"selected":false,"__typename":"CategorySearchTreeFacetData"},"subCategories":[],"__typename":"CategorySearchTreeData"},"__typename":"CategorySearchTreeLevelDataList"},{"categoryCode":"v2HYGNATBOD","categoryData":{"facetData":{"count":36,"name":"Lichaamsverzorging","nameNonLocalized":"Body care","query":{"query":{"value":":relevance:facetCategories:v2HYGNATBOD%7Cv2HYGNAT%7Cv2HYG","__typename":"InternalPageQuery"},"url":"/nl-be/shop/search?q=%3Arelevance%3AfacetCategories%3Av2HYGNATBOD%257Cv2HYGNAT%257Cv2HYG","__typename":"PageQuery"},"selected":false,"__typename":"CategorySearchTreeFacetData"},"subCategories":[],"__typename":"CategorySearchTreeData"},"__typename":"CategorySearchTreeLevelDataList"},{"categoryCode":"v2WINBUBCAV","categoryData":{"facetData":{"count":36,"name":"Cava","nameNonLocalized":"Cava","query":{"query":{"value":":relevance:facetCategories:v2WINBUBCAV%7Cv2WINBUB%7Cv2WIN","__typename":"InternalPageQuery"},"url":"/nl-be/shop/search?q=%3Arelevance%3AfacetCategories%3Av2WINBUBCAV%257Cv2WINBUB%257Cv2WIN","__typename":"PageQuery"},"selected":false,"__typename":"CategorySearchTreeFacetData"},"subCategories":["v2WINBUBCAVWHI"],"__typename":"CategorySearchTreeData"},"__typename":"CategorySearchTreeLevelDataList"},{"categoryCode":"v2WINROSFRA","categoryData":{"facetData":{"count":36,"name":"Frankrijk","nameNonLocalized":"France","query":{"query":{"value":":relevance:facetCategories:v2WINROSFRA%7Cv2WINROS%7Cv2WIN","__typename":"InternalPageQuery"},"url":"/nl-be/shop/search?q=%3Arelevance%3AfacetCategories%3Av2WINROSFRA%257Cv2WINROS%257Cv2WIN","__typename":"PageQuery"},"selected":false,"__typename":"CategorySearchTreeFacetData"},"subCategories":[],"__typename":"CategorySearchTreeData"},"__typename":"CategorySearchTreeLevelDataList"},{"categoryCode":"v2BABMILFOL","categoryData":{"facetData":{"count":35,"name":"Opvolgmelk baby","nameNonLocalized":"Follow-up milk","query":{"query":{"value":":relevance:facetCategories:v2BABMILFOL%7Cv2BABMIL%7Cv2BAB","__typename":"InternalPageQuery"},"url":"/nl-be/shop/search?q=%3Arelevance%3AfacetCategories%3Av2BABMILFOL%257Cv2BABMIL%257Cv2BAB","__typename":"PageQuery"},"selected":false,"__typename":"CategorySearchTreeFacetData"},"subCategories":[],"__typename":"CategorySearchTreeData"},"__typename":"CategorySearchTreeLevelDataList"},{"categoryCode":"v2DAIDESPUD","categoryData":{"facetData":{"count":35,"name":"Pudding","nameNonLocalized":"Puddings","query":{"query":{"value":":relevance:facetCategories:v2DAIDESPUD%7Cv2DAIDES%7Cv2DAI","__typename":"InternalPageQuery"},"url":"/nl-be/shop/search?q=%3Arelevance%3AfacetCategories%3Av2DAIDESPUD%257Cv2DAIDES%257Cv2DAI","__typename":"PageQuery"},"selected":false,"__typename":"CategorySearchTreeFacetData"},"subCategories":[],"__typename":"CategorySearchTreeData"},"__typename":"CategorySearchTreeLevelDataList"},{"categoryCode":"v2DRIJUIOTH","categoryData":{"facetData":{"count":35,"name":"Andere","nameNonLocalized":"Other","query":{"query":{"value":":relevance:facetCategories:v2DRIJUIOTH%7Cv2DRIJUI%7Cv2DRI","__typename":"InternalPageQuery"},"url":"/nl-be/shop/search?q=%3Arelevance%3AfacetCategories%3Av2DRIJUIOTH%257Cv2DRIJUI%257Cv2DRI","__typename":"PageQuery"},"selected":false,"__typename":"CategorySearchTreeFacetData"},"subCategories":[],"__typename":"CategorySearchTreeData"},"__typename":"CategorySearchTreeLevelDataList"},{"categoryCode":"v2FROMEAFIS","categoryData":{"facetData":{"count":35,"name":"Vis","nameNonLocalized":"Fishes","query":{"query":{"value":":relevance:facetCategories:v2FROMEAFIS%7Cv2FROMEA%7Cv2FRO","__typename":"InternalPageQuery"},"url":"/nl-be/shop/search?q=%3Arelevance%3AfacetCategories%3Av2FROMEAFIS%257Cv2FROMEA%257Cv2FRO","__typename":"PageQuery"},"selected":false,"__typename":"CategorySearchTreeFacetData"},"subCategories":[],"__typename":"CategorySearchTreeData"},"__typename":"CategorySearchTreeLevelDataList"},{"categoryCode":"v2WINBUBSPA","categoryData":{"facetData":{"count":35,"name":"Andere bubbels","nameNonLocalized":"Other sparkling","query":{"query":{"value":":relevance:facetCategories:v2WINBUBSPA%7Cv2WINBUB%7Cv2WIN","__typename":"InternalPageQuery"},"url":"/nl-be/shop/search?q=%3Arelevance%3AfacetCategories%3Av2WINBUBSPA%257Cv2WINBUB%257Cv2WIN","__typename":"PageQuery"},"selected":false,"__typename":"CategorySearchTreeFacetData"},"subCategories":["v2WINBUBSPAWHI"],"__typename":"CategorySearchTreeData"},"__typename":"CategorySearchTreeLevelDataList"},{"categoryCode":"v2WINREDITA","categoryData":{"facetData":{"count":35,"name":"Italië","nameNonLocalized":"Italy","query":{"query":{"value":":relevance:facetCategories:v2WINREDITA%7Cv2WINRED%7Cv2WIN","__typename":"InternalPageQuery"},"url":"/nl-be/shop/search?q=%3Arelevance%3AfacetCategories%3Av2WINREDITA%257Cv2WINRED%257Cv2WIN","__typename":"PageQuery"},"selected":false,"__typename":"CategorySearchTreeFacetData"},"subCategories":[],"__typename":"CategorySearchTreeData"},"__typename":"CategorySearchTreeLevelDataList"},{"categoryCode":"v2DAICHERAS","categoryData":{"facetData":{"count":34,"name":"Geraspt","nameNonLocalized":"Grated","query":{"query":{"value":":relevance:facetCategories:v2DAICHERAS%7Cv2DAICHE%7Cv2DAI","__typename":"InternalPageQuery"},"url":"/nl-be/shop/search?q=%3Arelevance%3AfacetCategories%3Av2DAICHERAS%257Cv2DAICHE%257Cv2DAI","__typename":"PageQuery"},"selected":false,"__typename":"CategorySearchTreeFacetData"},"subCategories":[],"__typename":"CategorySearchTreeData"},"__typename":"CategorySearchTreeLevelDataList"},{"categoryCode":"v2DRIBEEWHI","categoryData":{"facetData":{"count":34,"name":"Licht bier en ciders","nameNonLocalized":"Light beers and ciders","query":{"query":{"value":":relevance:facetCategories:v2DRIBEEWHI%7Cv2DRIBEE%7Cv2DRI","__typename":"InternalPageQuery"},"url":"/nl-be/shop/search?q=%3Arelevance%3AfacetCategories%3Av2DRIBEEWHI%257Cv2DRIBEE%257Cv2DRI","__typename":"PageQuery"},"selected":false,"__typename":"CategorySearchTreeFacetData"},"subCategories":[],"__typename":"CategorySearchTreeData"},"__typename":"CategorySearchTreeLevelDataList"},{"categoryCode":"v2SALCULBOU","categoryData":{"facetData":{"count":34,"name":"Bouillons","nameNonLocalized":"Broths","query":{"query":{"value":":relevance:facetCategories:v2SALCULBOU%7Cv2SALCUL%7Cv2SAL","__typename":"InternalPageQuery"},"url":"/nl-be/shop/search?q=%3Arelevance%3AfacetCategories%3Av2SALCULBOU%257Cv2SALCUL%257Cv2SAL","__typename":"PageQuery"},"selected":false,"__typename":"CategorySearchTreeFacetData"},"subCategories":[],"__typename":"CategorySearchTreeData"},"__typename":"CategorySearchTreeLevelDataList"},{"categoryCode":"v2SWECHOCAN","categoryData":{"facetData":{"count":34,"name":"Candy bar","nameNonLocalized":"Candy bar","query":{"query":{"value":":relevance:facetCategories:v2SWECHOCAN%7Cv2SWECHO%7Cv2SWE","__typename":"InternalPageQuery"},"url":"/nl-be/shop/search?q=%3Arelevance%3AfacetCategories%3Av2SWECHOCAN%257Cv2SWECHO%257Cv2SWE","__typename":"PageQuery"},"selected":false,"__typename":"CategorySearchTreeFacetData"},"subCategories":["v2SWECHOCANMUL"],"__typename":"CategorySearchTreeData"},"__typename":"CategorySearchTreeLevelDataList"},{"categoryCode":"v2BAKPASBIS","categoryData":{"facetData":{"count":33,"name":"Koekjes en pralines","nameNonLocalized":"Biscuits and pralines","query":{"query":{"value":":relevance:facetCategories:v2BAKPASBIS%7Cv2BAKPAS%7Cv2BAK","__typename":"InternalPageQuery"},"url":"/nl-be/shop/search?q=%3Arelevance%3AfacetCategories%3Av2BAKPASBIS%257Cv2BAKPAS%257Cv2BAK","__typename":"PageQuery"},"selected":false,"__typename":"CategorySearchTreeFacetData"},"subCategories":[],"__typename":"CategorySearchTreeData"},"__typename":"CategorySearchTreeLevelDataList"},{"categoryCode":"v2CLEKITLIQ","categoryData":{"facetData":{"count":33,"name":"Afwasmiddel","nameNonLocalized":"Dish soap","query":{"query":{"value":":relevance:facetCategories:v2CLEKITLIQ%7Cv2CLEKIT%7Cv2CLE","__typename":"InternalPageQuery"},"url":"/nl-be/shop/search?q=%3Arelevance%3AfacetCategories%3Av2CLEKITLIQ%257Cv2CLEKIT%257Cv2CLE","__typename":"PageQuery"},"selected":false,"__typename":"CategorySearchTreeFacetData"},"subCategories":[],"__typename":"CategorySearchTreeData"},"__typename":"CategorySearchTreeLevelDataList"},{"categoryCode":"v2SPEGLUSBIS","categoryData":{"facetData":{"count":33,"name":"Koekjes","nameNonLocalized":"Biscuits","query":{"query":{"value":":relevance:facetCategories:v2SPEGLUSBIS%7Cv2SPEGLU%7Cv2SPE","__typename":"InternalPageQuery"},"url":"/nl-be/shop/search?q=%3Arelevance%3AfacetCategories%3Av2SPEGLUSBIS%257Cv2SPEGLU%257Cv2SPE","__typename":"PageQuery"},"selected":false,"__typename":"CategorySearchTreeFacetData"},"subCategories":[],"__typename":"CategorySearchTreeData"},"__typename":"CategorySearchTreeLevelDataList"},{"categoryCode":"v2BABHYGCAR","categoryData":{"facetData":{"count":32,"name":"Verzorging","nameNonLocalized":"Cares","query":{"query":{"value":":relevance:facetCategories:v2BABHYGCAR%7Cv2BABHYG%7Cv2BAB","__typename":"InternalPageQuery"},"url":"/nl-be/shop/search?q=%3Arelevance%3AfacetCategories%3Av2BABHYGCAR%257Cv2BABHYG%257Cv2BAB","__typename":"PageQuery"},"selected":false,"__typename":"CategorySearchTreeFacetData"},"subCategories":[],"__typename":"CategorySearchTreeData"},"__typename":"CategorySearchTreeLevelDataList"},{"categoryCode":"v2MEAMEABEE","categoryData":{"facetData":{"count":32,"name":"Rund","nameNonLocalized":"Beef","query":{"query":{"value":":relevance:facetCategories:v2MEAMEABEE%7Cv2MEAMEA%7Cv2MEA","__typename":"InternalPageQuery"},"url":"/nl-be/shop/search?q=%3Arelevance%3AfacetCategories%3Av2MEAMEABEE%257Cv2MEAMEA%257Cv2MEA","__typename":"PageQuery"},"selected":false,"__typename":"CategorySearchTreeFacetData"},"subCategories":[],"__typename":"CategorySearchTreeData"},"__typename":"CategorySearchTreeLevelDataList"},{"categoryCode":"v2MEAMEAPOR","categoryData":{"facetData":{"count":32,"name":"Varken","nameNonLocalized":"Pork","query":{"query":{"value":":relevance:facetCategories:v2MEAMEAPOR%7Cv2MEAMEA%7Cv2MEA","__typename":"InternalPageQuery"},"url":"/nl-be/shop/search?q=%3Arelevance%3AfacetCategories%3Av2MEAMEAPOR%257Cv2MEAMEA%257Cv2MEA","__typename":"PageQuery"},"selected":false,"__typename":"CategorySearchTreeFacetData"},"subCategories":[],"__typename":"CategorySearchTreeData"},"__typename":"CategorySearchTreeLevelDataList"},{"categoryCode":"v2PETCATSNA","categoryData":{"facetData":{"count":32,"name":"Snacks en melk","nameNonLocalized":"Snacks and milk","query":{"query":{"value":":relevance:facetCategories:v2PETCATSNA%7Cv2PETCAT%7Cv2PET","__typename":"InternalPageQuery"},"url":"/nl-be/shop/search?q=%3Arelevance%3AfacetCategories%3Av2PETCATSNA%257Cv2PETCAT%257Cv2PET","__typename":"PageQuery"},"selected":false,"__typename":"CategorySearchTreeFacetData"},"subCategories":[],"__typename":"CategorySearchTreeData"},"__typename":"CategorySearchTreeLevelDataList"},{"categoryCode":"v2PETDOGWET","categoryData":{"facetData":{"count":32,"name":"Natvoer hond","nameNonLocalized":"Wet food","query":{"query":{"value":":relevance:facetCategories:v2PETDOGWET%7Cv2PETDOG%7Cv2PET","__typename":"InternalPageQuery"},"url":"/nl-be/shop/search?q=%3Arelevance%3AfacetCategories%3Av2PETDOGWET%257Cv2PETDOG%257Cv2PET","__typename":"PageQuery"},"selected":false,"__typename":"CategorySearchTreeFacetData"},"subCategories":["v2PETDOGWETPOU"],"__typename":"CategorySearchTreeData"},"__typename":"CategorySearchTreeLevelDataList"},{"categoryCode":"v2SALPASGRA","categoryData":{"facetData":{"count":32,"name":"Granen","nameNonLocalized":"Grains","query":{"query":{"value":":relevance:facetCategories:v2SALPASGRA%7Cv2SALPAS%7Cv2SAL","__typename":"InternalPageQuery"},"url":"/nl-be/shop/search?q=%3Arelevance%3AfacetCategories%3Av2SALPASGRA%257Cv2SALPAS%257Cv2SAL","__typename":"PageQuery"},"selected":false,"__typename":"CategorySearchTreeFacetData"},"subCategories":[],"__typename":"CategorySearchTreeData"},"__typename":"CategorySearchTreeLevelDataList"},{"categoryCode":"v2SWEBISSEA","categoryData":{"facetData":{"count":32,"name":"Seizoenskoekjes","nameNonLocalized":"Seasonal biscuits","query":{"query":{"value":":relevance:facetCategories:v2SWEBISSEA%7Cv2SWEBIS%7Cv2SWE","__typename":"InternalPageQuery"},"url":"/nl-be/shop/search?q=%3Arelevance%3AfacetCategories%3Av2SWEBISSEA%257Cv2SWEBIS%257Cv2SWE","__typename":"PageQuery"},"selected":false,"__typename":"CategorySearchTreeFacetData"},"subCategories":[],"__typename":"CategorySearchTreeData"},"__typename":"CategorySearchTreeLevelDataList"},{"categoryCode":"v2SWECHOSEA","categoryData":{"facetData":{"count":32,"name":"Feestenchocolade","nameNonLocalized":"Celebration chocolate","query":{"query":{"value":":relevance:facetCategories:v2SWECHOSEA%7Cv2SWECHO%7Cv2SWE","__typename":"InternalPageQuery"},"url":"/nl-be/shop/search?q=%3Arelevance%3AfacetCategories%3Av2SWECHOSEA%257Cv2SWECHO%257Cv2SWE","__typename":"PageQuery"},"selected":false,"__typename":"CategorySearchTreeFacetData"},"subCategories":[],"__typename":"CategorySearchTreeData"},"__typename":"CategorySearchTreeLevelDataList"},{"categoryCode":"v2BABSNAFRU","categoryData":{"facetData":{"count":31,"name":"Fruitrepen baby","nameNonLocalized":"Baby fruit bars","query":{"query":{"value":":relevance:facetCategories:v2BABSNAFRU%7Cv2BABSNA%7Cv2BAB","__typename":"InternalPageQuery"},"url":"/nl-be/shop/search?q=%3Arelevance%3AfacetCategories%3Av2BABSNAFRU%257Cv2BABSNA%257Cv2BAB","__typename":"PageQuery"},"selected":false,"__typename":"CategorySearchTreeFacetData"},"subCategories":[],"__typename":"CategorySearchTreeData"},"__typename":"CategorySearchTreeLevelDataList"},{"categoryCode":"v2BIOECODAI","categoryData":{"facetData":{"count":31,"name":"Zuivel en kaas","nameNonLocalized":"Dairy","query":{"query":{"value":":relevance:facetCategories:v2BIOECODAI%7Cv2BIOECO%7Cv2BIO","__typename":"InternalPageQuery"},"url":"/nl-be/shop/search?q=%3Arelevance%3AfacetCategories%3Av2BIOECODAI%257Cv2BIOECO%257Cv2BIO","__typename":"PageQuery"},"selected":false,"__typename":"CategorySearchTreeFacetData"},"subCategories":[],"__typename":"CategorySearchTreeData"},"__typename":"CategorySearchTreeLevelDataList"},{"categoryCode":"v2DRIALCLIQ","categoryData":{"facetData":{"count":31,"name":"Likeur","nameNonLocalized":"Liquor","query":{"query":{"value":":relevance:facetCategories:v2DRIALCLIQ%7Cv2DRIALC%7Cv2DRI","__typename":"InternalPageQuery"},"url":"/nl-be/shop/search?q=%3Arelevance%3AfacetCategories%3Av2DRIALCLIQ%257Cv2DRIALC%257Cv2DRI","__typename":"PageQuery"},"selected":false,"__typename":"CategorySearchTreeFacetData"},"subCategories":[],"__typename":"CategorySearchTreeData"},"__typename":"CategorySearchTreeLevelDataList"},{"categoryCode":"v2DRIALCOTH","categoryData":{"facetData":{"count":31,"name":"Andere","nameNonLocalized":"Other alcohols","query":{"query":{"value":":relevance:facetCategories:v2DRIALCOTH%7Cv2DRIALC%7Cv2DRI","__typename":"InternalPageQuery"},"url":"/nl-be/shop/search?q=%3Arelevance%3AfacetCategories%3Av2DRIALCOTH%257Cv2DRIALC%257Cv2DRI","__typename":"PageQuery"},"selected":false,"__typename":"CategorySearchTreeFacetData"},"subCategories":[],"__typename":"CategorySearchTreeData"},"__typename":"CategorySearchTreeLevelDataList"},{"categoryCode":"v2MEASPRMEA","categoryData":{"facetData":{"count":31,"name":"Vleessalades","nameNonLocalized":"Meat spread","query":{"query":{"value":":relevance:facetCategories:v2MEASPRMEA%7Cv2MEASPR%7Cv2MEA","__typename":"InternalPageQuery"},"url":"/nl-be/shop/search?q=%3Arelevance%3AfacetCategories%3Av2MEASPRMEA%257Cv2MEASPR%257Cv2MEA","__typename":"PageQuery"},"selected":false,"__typename":"CategorySearchTreeFacetData"},"subCategories":[],"__typename":"CategorySearchTreeData"},"__typename":"CategorySearchTreeLevelDataList"},{"categoryCode":"v2BIOISBIODEL","categoryData":{"facetData":{"count":30,"name":"Traiteur en verse aperitiefhapjes","nameNonLocalized":"Catering","query":{"query":{"value":":relevance:facetCategories:v2BIOISBIODEL%7Cv2BIOISBIO%7Cv2BIO","__typename":"InternalPageQuery"},"url":"/nl-be/shop/search?q=%3Arelevance%3AfacetCategories%3Av2BIOISBIODEL%257Cv2BIOISBIO%257Cv2BIO","__typename":"PageQuery"},"selected":false,"__typename":"CategorySearchTreeFacetData"},"subCategories":[],"__typename":"CategorySearchTreeData"},"__typename":"CategorySearchTreeLevelDataList"},{"categoryCode":"v2DELAPEDIP","categoryData":{"facetData":{"count":30,"name":"Dips en Tapenades","nameNonLocalized":"Dips and Tapenades","query":{"query":{"value":":relevance:facetCategories:v2DELAPEDIP%7Cv2DELAPE%7Cv2DEL","__typename":"InternalPageQuery"},"url":"/nl-be/shop/search?q=%3Arelevance%3AfacetCategories%3Av2DELAPEDIP%257Cv2DELAPE%257Cv2DEL","__typename":"PageQuery"},"selected":false,"__typename":"CategorySearchTreeFacetData"},"subCategories":[],"__typename":"CategorySearchTreeData"},"__typename":"CategorySearchTreeLevelDataList"},{"categoryCode":"v2DRIBEEALC","categoryData":{"facetData":{"count":30,"name":"Alcoholvrij bier","nameNonLocalized":"Alcohol-free beers","query":{"query":{"value":":relevance:facetCategories:v2DRIBEEALC%7Cv2DRIBEE%7Cv2DRI","__typename":"InternalPageQuery"},"url":"/nl-be/shop/search?q=%3Arelevance%3AfacetCategories%3Av2DRIBEEALC%257Cv2DRIBEE%257Cv2DRI","__typename":"PageQuery"},"selected":false,"__typename":"CategorySearchTreeFacetData"},"subCategories":[],"__typename":"CategorySearchTreeData"},"__typename":"CategorySearchTreeLevelDataList"},{"categoryCode":"v2FRODESPAS","categoryData":{"facetData":{"count":30,"name":"Gebakjes","nameNonLocalized":"Pastries","query":{"query":{"value":":relevance:facetCategories:v2FRODESPAS%7Cv2FRODES%7Cv2FRO","__typename":"InternalPageQuery"},"url":"/nl-be/shop/search?q=%3Arelevance%3AfacetCategories%3Av2FRODESPAS%257Cv2FRODES%257Cv2FRO","__typename":"PageQuery"},"selected":false,"__typename":"CategorySearchTreeFacetData"},"subCategories":[],"__typename":"CategorySearchTreeData"},"__typename":"CategorySearchTreeLevelDataList"},{"categoryCode":"v2FRUREASEA","categoryData":{"facetData":{"count":30,"name":"Kruiden en rauwkost","nameNonLocalized":"Seasonings and raw vegetables","query":{"query":{"value":":relevance:facetCategories:v2FRUREASEA%7Cv2FRUREA%7Cv2FRU","__typename":"InternalPageQuery"},"url":"/nl-be/shop/search?q=%3Arelevance%3AfacetCategories%3Av2FRUREASEA%257Cv2FRUREA%257Cv2FRU","__typename":"PageQuery"},"selected":false,"__typename":"CategorySearchTreeFacetData"},"subCategories":[],"__typename":"CategorySearchTreeData"},"__typename":"CategorySearchTreeLevelDataList"},{"categoryCode":"v2HYGHAICAR","categoryData":{"facetData":{"count":30,"name":"Verzorging","nameNonLocalized":"Care","query":{"query":{"value":":relevance:facetCategories:v2HYGHAICAR%7Cv2HYGHAI%7Cv2HYG","__typename":"InternalPageQuery"},"url":"/nl-be/shop/search?q=%3Arelevance%3AfacetCategories%3Av2HYGHAICAR%257Cv2HYGHAI%257Cv2HYG","__typename":"PageQuery"},"selected":false,"__typename":"CategorySearchTreeFacetData"},"subCategories":[],"__typename":"CategorySearchTreeData"},"__typename":"CategorySearchTreeLevelDataList"},{"categoryCode":"v2SALSAUVIN","categoryData":{"facetData":{"count":30,"name":"Vinaigrette","nameNonLocalized":"Vinaigrette","query":{"query":{"value":":relevance:facetCategories:v2SALSAUVIN%7Cv2SALSAU%7Cv2SAL","__typename":"InternalPageQuery"},"url":"/nl-be/shop/search?q=%3Arelevance%3AfacetCategories%3Av2SALSAUVIN%257Cv2SALSAU%257Cv2SAL","__typename":"PageQuery"},"selected":false,"__typename":"CategorySearchTreeFacetData"},"subCategories":[],"__typename":"CategorySearchTreeData"},"__typename":"CategorySearchTreeLevelDataList"},{"categoryCode":"v2BABHYGDIA","categoryData":{"facetData":{"count":29,"name":"Luiers","nameNonLocalized":"Diapers","query":{"query":{"value":":relevance:facetCategories:v2BABHYGDIA%7Cv2BABHYG%7Cv2BAB","__typename":"InternalPageQuery"},"url":"/nl-be/shop/search?q=%3Arelevance%3AfacetCategories%3Av2BABHYGDIA%257Cv2BABHYG%257Cv2BAB","__typename":"PageQuery"},"selected":false,"__typename":"CategorySearchTreeFacetData"},"subCategories":[],"__typename":"CategorySearchTreeData"},"__typename":"CategorySearchTreeLevelDataList"},{"categoryCode":"v2BIOECOHYG","categoryData":{"facetData":{"count":29,"name":"Hygiëne en verzorging","nameNonLocalized":"Hygiene and care","query":{"query":{"value":":relevance:facetCategories:v2BIOECOHYG%7Cv2BIOECO%7Cv2BIO","__typename":"InternalPageQuery"},"url":"/nl-be/shop/search?q=%3Arelevance%3AfacetCategories%3Av2BIOECOHYG%257Cv2BIOECO%257Cv2BIO","__typename":"PageQuery"},"selected":false,"__typename":"CategorySearchTreeFacetData"},"subCategories":[],"__typename":"CategorySearchTreeData"},"__typename":"CategorySearchTreeLevelDataList"},{"categoryCode":"v2BIOISBIOFRO","categoryData":{"facetData":{"count":29,"name":"Diepvries","nameNonLocalized":"Frozen","query":{"query":{"value":":relevance:facetCategories:v2BIOISBIOFRO%7Cv2BIOISBIO%7Cv2BIO","__typename":"InternalPageQuery"},"url":"/nl-be/shop/search?q=%3Arelevance%3AfacetCategories%3Av2BIOISBIOFRO%257Cv2BIOISBIO%257Cv2BIO","__typename":"PageQuery"},"selected":false,"__typename":"CategorySearchTreeFacetData"},"subCategories":[],"__typename":"CategorySearchTreeData"},"__typename":"CategorySearchTreeLevelDataList"},{"categoryCode":"v2CLESURBAT","categoryData":{"facetData":{"count":29,"name":"Badkamer","nameNonLocalized":"Bathroom","query":{"query":{"value":":relevance:facetCategories:v2CLESURBAT%7Cv2CLESUR%7Cv2CLE","__typename":"InternalPageQuery"},"url":"/nl-be/shop/search?q=%3Arelevance%3AfacetCategories%3Av2CLESURBAT%257Cv2CLESUR%257Cv2CLE","__typename":"PageQuery"},"selected":false,"__typename":"CategorySearchTreeFacetData"},"subCategories":[],"__typename":"CategorySearchTreeData"},"__typename":"CategorySearchTreeLevelDataList"},{"categoryCode":"v2FROPREAPP","categoryData":{"facetData":{"count":29,"name":"Aperitiefhapjes","nameNonLocalized":"Appetizers bites","query":{"query":{"value":":relevance:facetCategories:v2FROPREAPP%7Cv2FROPRE%7Cv2FRO","__typename":"InternalPageQuery"},"url":"/nl-be/shop/search?q=%3Arelevance%3AfacetCategories%3Av2FROPREAPP%257Cv2FROPRE%257Cv2FRO","__typename":"PageQuery"},"selected":false,"__typename":"CategorySearchTreeFacetData"},"subCategories":[],"__typename":"CategorySearchTreeData"},"__typename":"CategorySearchTreeLevelDataList"},{"categoryCode":"v2NONACCKIT","categoryData":{"facetData":{"count":29,"name":"Keukengerei","nameNonLocalized":"Kitchen utensils","query":{"query":{"value":":relevance:facetCategories:v2NONACCKIT%7Cv2NONACC%7Cv2NON","__typename":"InternalPageQuery"},"url":"/nl-be/shop/search?q=%3Arelevance%3AfacetCategories%3Av2NONACCKIT%257Cv2NONACC%257Cv2NON","__typename":"PageQuery"},"selected":false,"__typename":"CategorySearchTreeFacetData"},"subCategories":[],"__typename":"CategorySearchTreeData"},"__typename":"CategorySearchTreeLevelDataList"},{"categoryCode":"v2SALAPEPEA","categoryData":{"facetData":{"count":29,"name":"Noten","nameNonLocalized":"Nuts","query":{"query":{"value":":relevance:facetCategories:v2SALAPEPEA%7Cv2SALAPE%7Cv2SAL","__typename":"InternalPageQuery"},"url":"/nl-be/shop/search?q=%3Arelevance%3AfacetCategories%3Av2SALAPEPEA%257Cv2SALAPE%257Cv2SAL","__typename":"PageQuery"},"selected":false,"__typename":"CategorySearchTreeFacetData"},"subCategories":[],"__typename":"CategorySearchTreeData"},"__typename":"CategorySearchTreeLevelDataList"},{"categoryCode":"v2SALSPISAL","categoryData":{"facetData":{"count":29,"name":"Zout","nameNonLocalized":"Salt","query":{"query":{"value":":relevance:facetCategories:v2SALSPISAL%7Cv2SALSPI%7Cv2SAL","__typename":"InternalPageQuery"},"url":"/nl-be/shop/search?q=%3Arelevance%3AfacetCategories%3Av2SALSPISAL%257Cv2SALSPI%257Cv2SAL","__typename":"PageQuery"},"selected":false,"__typename":"CategorySearchTreeFacetData"},"subCategories":[],"__typename":"CategorySearchTreeData"},"__typename":"CategorySearchTreeLevelDataList"},{"categoryCode":"v2DAICHEBLO","categoryData":{"facetData":{"count":28,"name":"Blokken","nameNonLocalized":"Blocks","query":{"query":{"value":":relevance:facetCategories:v2DAICHEBLO%7Cv2DAICHE%7Cv2DAI","__typename":"InternalPageQuery"},"url":"/nl-be/shop/search?q=%3Arelevance%3AfacetCategories%3Av2DAICHEBLO%257Cv2DAICHE%257Cv2DAI","__typename":"PageQuery"},"selected":false,"__typename":"CategorySearchTreeFacetData"},"subCategories":[],"__typename":"CategorySearchTreeData"},"__typename":"CategorySearchTreeLevelDataList"},{"categoryCode":"v2FROPRECOU","categoryData":{"facetData":{"count":28,"name":"Hoofdgerechten","nameNonLocalized":"Courses","query":{"query":{"value":":relevance:facetCategories:v2FROPRECOU%7Cv2FROPRE%7Cv2FRO","__typename":"InternalPageQuery"},"url":"/nl-be/shop/search?q=%3Arelevance%3AfacetCategories%3Av2FROPRECOU%257Cv2FROPRE%257Cv2FRO","__typename":"PageQuery"},"selected":false,"__typename":"CategorySearchTreeFacetData"},"subCategories":["v2FROPRECOUNON"],"__typename":"CategorySearchTreeData"},"__typename":"CategorySearchTreeLevelDataList"},{"categoryCode":"v2MEAPREOTH","categoryData":{"facetData":{"count":28,"name":"Andere","nameNonLocalized":"Other","query":{"query":{"value":":relevance:facetCategories:v2MEAPREOTH%7Cv2MEAPRE%7Cv2MEA","__typename":"InternalPageQuery"},"url":"/nl-be/shop/search?q=%3Arelevance%3AfacetCategories%3Av2MEAPREOTH%257Cv2MEAPRE%257Cv2MEA","__typename":"PageQuery"},"selected":false,"__typename":"CategorySearchTreeFacetData"},"subCategories":[],"__typename":"CategorySearchTreeData"},"__typename":"CategorySearchTreeLevelDataList"},{"categoryCode":"v2MEASPRFIS","categoryData":{"facetData":{"count":28,"name":"Vissalades","nameNonLocalized":"Fish spread","query":{"query":{"value":":relevance:facetCategories:v2MEASPRFIS%7Cv2MEASPR%7Cv2MEA","__typename":"InternalPageQuery"},"url":"/nl-be/shop/search?q=%3Arelevance%3AfacetCategories%3Av2MEASPRFIS%257Cv2MEASPR%257Cv2MEA","__typename":"PageQuery"},"selected":false,"__typename":"CategorySearchTreeFacetData"},"subCategories":[],"__typename":"CategorySearchTreeData"},"__typename":"CategorySearchTreeLevelDataList"},{"categoryCode":"v2SALSPIPEP","categoryData":{"facetData":{"count":28,"name":"Peper","nameNonLocalized":"Pepper","query":{"query":{"value":":relevance:facetCategories:v2SALSPIPEP%7Cv2SALSPI%7Cv2SAL","__typename":"InternalPageQuery"},"url":"/nl-be/shop/search?q=%3Arelevance%3AfacetCategories%3Av2SALSPIPEP%257Cv2SALSPI%257Cv2SAL","__typename":"PageQuery"},"selected":false,"__typename":"CategorySearchTreeFacetData"},"subCategories":[],"__typename":"CategorySearchTreeData"},"__typename":"CategorySearchTreeLevelDataList"},{"categoryCode":"v2SPEVEGMEA","categoryData":{"facetData":{"count":28,"name":"Maaltijd componenten en ingrediënten","nameNonLocalized":"Meal components and ingredients","query":{"query":{"value":":relevance:facetCategories:v2SPEVEGMEA%7Cv2SPEVEG%7Cv2SPE","__typename":"InternalPageQuery"},"url":"/nl-be/shop/search?q=%3Arelevance%3AfacetCategories%3Av2SPEVEGMEA%257Cv2SPEVEG%257Cv2SPE","__typename":"PageQuery"},"selected":false,"__typename":"CategorySearchTreeFacetData"},"subCategories":[],"__typename":"CategorySearchTreeData"},"__typename":"CategorySearchTreeLevelDataList"},{"categoryCode":"v2BABSNACOM","categoryData":{"facetData":{"count":27,"name":"Compote baby","nameNonLocalized":"Compote baby","query":{"query":{"value":":relevance:facetCategories:v2BABSNACOM%7Cv2BABSNA%7Cv2BAB","__typename":"InternalPageQuery"},"url":"/nl-be/shop/search?q=%3Arelevance%3AfacetCategories%3Av2BABSNACOM%257Cv2BABSNA%257Cv2BAB","__typename":"PageQuery"},"selected":false,"__typename":"CategorySearchTreeFacetData"},"subCategories":[],"__typename":"CategorySearchTreeData"},"__typename":"CategorySearchTreeLevelDataList"},{"categoryCode":"v2CLEKITALU","categoryData":{"facetData":{"count":27,"name":"Folies, zakjes and bakpapier","nameNonLocalized":"Foil, bags and baking paper","query":{"query":{"value":":relevance:facetCategories:v2CLEKITALU%7Cv2CLEKIT%7Cv2CLE","__typename":"InternalPageQuery"},"url":"/nl-be/shop/search?q=%3Arelevance%3AfacetCategories%3Av2CLEKITALU%257Cv2CLEKIT%257Cv2CLE","__typename":"PageQuery"},"selected":false,"__typename":"CategorySearchTreeFacetData"},"subCategories":[],"__typename":"CategorySearchTreeData"},"__typename":"CategorySearchTreeLevelDataList"},{"categoryCode":"v2DAIYOGCOT","categoryData":{"facetData":{"count":27,"name":"Verse kaas","nameNonLocalized":"Cottage cheese","query":{"query":{"value":":relevance:facetCategories:v2DAIYOGCOT%7Cv2DAIYOG%7Cv2DAI","__typename":"InternalPageQuery"},"url":"/nl-be/shop/search?q=%3Arelevance%3AfacetCategories%3Av2DAIYOGCOT%257Cv2DAIYOG%257Cv2DAI","__typename":"PageQuery"},"selected":false,"__typename":"CategorySearchTreeFacetData"},"subCategories":[],"__typename":"CategorySearchTreeData"},"__typename":"CategorySearchTreeLevelDataList"},{"categoryCode":"V2DAICHECHE","categoryData":{"facetData":{"count":26,"name":"Geitenkaas & Schapenkaas","nameNonLocalized":"Goat & Sheep","query":{"query":{"value":":relevance:facetCategories:V2DAICHECHE%7Cv2DAICHE%7Cv2DAI","__typename":"InternalPageQuery"},"url":"/nl-be/shop/search?q=%3Arelevance%3AfacetCategories%3AV2DAICHECHE%257Cv2DAICHE%257Cv2DAI","__typename":"PageQuery"},"selected":false,"__typename":"CategorySearchTreeFacetData"},"subCategories":[],"__typename":"CategorySearchTreeData"},"__typename":"CategorySearchTreeLevelDataList"},{"categoryCode":"v2DAIBUTSWE","categoryData":{"facetData":{"count":26,"name":"Ongezouten Boter","nameNonLocalized":"Sweet butter","query":{"query":{"value":":relevance:facetCategories:v2DAIBUTSWE%7Cv2DAIBUT%7Cv2DAI","__typename":"InternalPageQuery"},"url":"/nl-be/shop/search?q=%3Arelevance%3AfacetCategories%3Av2DAIBUTSWE%257Cv2DAIBUT%257Cv2DAI","__typename":"PageQuery"},"selected":false,"__typename":"CategorySearchTreeFacetData"},"subCategories":[],"__typename":"CategorySearchTreeData"},"__typename":"CategorySearchTreeLevelDataList"},{"categoryCode":"v2DAIYOGBIF","categoryData":{"facetData":{"count":26,"name":"Bifidus","nameNonLocalized":"Bifidus","query":{"query":{"value":":relevance:facetCategories:v2DAIYOGBIF%7Cv2DAIYOG%7Cv2DAI","__typename":"InternalPageQuery"},"url":"/nl-be/shop/search?q=%3Arelevance%3AfacetCategories%3Av2DAIYOGBIF%257Cv2DAIYOG%257Cv2DAI","__typename":"PageQuery"},"selected":false,"__typename":"CategorySearchTreeFacetData"},"subCategories":[],"__typename":"CategorySearchTreeData"},"__typename":"CategorySearchTreeLevelDataList"},{"categoryCode":"v2FRUFRUAPP","categoryData":{"facetData":{"count":26,"name":"Appelen et peren","nameNonLocalized":"Apples and pears","query":{"query":{"value":":relevance:facetCategories:v2FRUFRUAPP%7Cv2FRUFRU%7Cv2FRU","__typename":"InternalPageQuery"},"url":"/nl-be/shop/search?q=%3Arelevance%3AfacetCategories%3Av2FRUFRUAPP%257Cv2FRUFRU%257Cv2FRU","__typename":"PageQuery"},"selected":false,"__typename":"CategorySearchTreeFacetData"},"subCategories":[],"__typename":"CategorySearchTreeData"},"__typename":"CategorySearchTreeLevelDataList"},{"categoryCode":"v2HYGPHAOTH","categoryData":{"facetData":{"count":26,"name":"Andere","nameNonLocalized":"Other","query":{"query":{"value":":relevance:facetCategories:v2HYGPHAOTH%7Cv2HYGPHA%7Cv2HYG","__typename":"InternalPageQuery"},"url":"/nl-be/shop/search?q=%3Arelevance%3AfacetCategories%3Av2HYGPHAOTH%257Cv2HYGPHA%257Cv2HYG","__typename":"PageQuery"},"selected":false,"__typename":"CategorySearchTreeFacetData"},"subCategories":[],"__typename":"CategorySearchTreeData"},"__typename":"CategorySearchTreeLevelDataList"},{"categoryCode":"v2MEAFISSHR","categoryData":{"facetData":{"count":26,"name":"Garnalen, scampis en gambas","nameNonLocalized":"Shrimps,scampis and gambas","query":{"query":{"value":":relevance:facetCategories:v2MEAFISSHR%7Cv2MEAFIS%7Cv2MEA","__typename":"InternalPageQuery"},"url":"/nl-be/shop/search?q=%3Arelevance%3AfacetCategories%3Av2MEAFISSHR%257Cv2MEAFIS%257Cv2MEA","__typename":"PageQuery"},"selected":false,"__typename":"CategorySearchTreeFacetData"},"subCategories":[],"__typename":"CategorySearchTreeData"},"__typename":"CategorySearchTreeLevelDataList"},{"categoryCode":"v2SALWORJAP","categoryData":{"facetData":{"count":26,"name":"Japan","nameNonLocalized":"Japan","query":{"query":{"value":":relevance:facetCategories:v2SALWORJAP%7Cv2SALWOR%7Cv2SAL","__typename":"InternalPageQuery"},"url":"/nl-be/shop/search?q=%3Arelevance%3AfacetCategories%3Av2SALWORJAP%257Cv2SALWOR%257Cv2SAL","__typename":"PageQuery"},"selected":false,"__typename":"CategorySearchTreeFacetData"},"subCategories":[],"__typename":"CategorySearchTreeData"},"__typename":"CategorySearchTreeLevelDataList"},{"categoryCode":"v2SALWORSOU","categoryData":{"facetData":{"count":26,"name":"Zuidoost Azië","nameNonLocalized":"Southeast Asia","query":{"query":{"value":":relevance:facetCategories:v2SALWORSOU%7Cv2SALWOR%7Cv2SAL","__typename":"InternalPageQuery"},"url":"/nl-be/shop/search?q=%3Arelevance%3AfacetCategories%3Av2SALWORSOU%257Cv2SALWOR%257Cv2SAL","__typename":"PageQuery"},"selected":false,"__typename":"CategorySearchTreeFacetData"},"subCategories":[],"__typename":"CategorySearchTreeData"},"__typename":"CategorySearchTreeLevelDataList"},{"categoryCode":"v2SWECHOBIT","categoryData":{"facetData":{"count":26,"name":"Chocolade snoepjes","nameNonLocalized":"Chocolate bites","query":{"query":{"value":":relevance:facetCategories:v2SWECHOBIT%7Cv2SWECHO%7Cv2SWE","__typename":"InternalPageQuery"},"url":"/nl-be/shop/search?q=%3Arelevance%3AfacetCategories%3Av2SWECHOBIT%257Cv2SWECHO%257Cv2SWE","__typename":"PageQuery"},"selected":false,"__typename":"CategorySearchTreeFacetData"},"subCategories":[],"__typename":"CategorySearchTreeData"},"__typename":"CategorySearchTreeLevelDataList"},{"categoryCode":"v2BAKPASTAR","categoryData":{"facetData":{"count":25,"name":"Taartjes","nameNonLocalized":"Tarts","query":{"query":{"value":":relevance:facetCategories:v2BAKPASTAR%7Cv2BAKPAS%7Cv2BAK","__typename":"InternalPageQuery"},"url":"/nl-be/shop/search?q=%3Arelevance%3AfacetCategories%3Av2BAKPASTAR%257Cv2BAKPAS%257Cv2BAK","__typename":"PageQuery"},"selected":false,"__typename":"CategorySearchTreeFacetData"},"subCategories":[],"__typename":"CategorySearchTreeData"},"__typename":"CategorySearchTreeLevelDataList"},{"categoryCode":"v2DELDISPAS","categoryData":{"facetData":{"count":25,"name":"Pasta en lasagne","nameNonLocalized":"Pasta and lasagne","query":{"query":{"value":":relevance:facetCategories:v2DELDISPAS%7Cv2DELDIS%7Cv2DEL","__typename":"InternalPageQuery"},"url":"/nl-be/shop/search?q=%3Arelevance%3AfacetCategories%3Av2DELDISPAS%257Cv2DELDIS%257Cv2DEL","__typename":"PageQuery"},"selected":false,"__typename":"CategorySearchTreeFacetData"},"subCategories":[],"__typename":"CategorySearchTreeData"},"__typename":"CategorySearchTreeLevelDataList"},{"categoryCode":"v2FROPOTFRI","categoryData":{"facetData":{"count":25,"name":"Diepvriesfrieten","nameNonLocalized":"Frozen fries","query":{"query":{"value":":relevance:facetCategories:v2FROPOTFRI%7Cv2FROPOT%7Cv2FRO","__typename":"InternalPageQuery"},"url":"/nl-be/shop/search?q=%3Arelevance%3AfacetCategories%3Av2FROPOTFRI%257Cv2FROPOT%257Cv2FRO","__typename":"PageQuery"},"selected":false,"__typename":"CategorySearchTreeFacetData"},"subCategories":[],"__typename":"CategorySearchTreeData"},"__typename":"CategorySearchTreeLevelDataList"},{"categoryCode":"v2HYGINTTAM","categoryData":{"facetData":{"count":25,"name":"Tampons","nameNonLocalized":"Tampons","query":{"query":{"value":":relevance:facetCategories:v2HYGINTTAM%7Cv2HYGINT%7Cv2HYG","__typename":"InternalPageQuery"},"url":"/nl-be/shop/search?q=%3Arelevance%3AfacetCategories%3Av2HYGINTTAM%257Cv2HYGINT%257Cv2HYG","__typename":"PageQuery"},"selected":false,"__typename":"CategorySearchTreeFacetData"},"subCategories":[],"__typename":"CategorySearchTreeData"},"__typename":"CategorySearchTreeLevelDataList"},{"categoryCode":"v2NONELEBAT","categoryData":{"facetData":{"count":25,"name":"Batterijen","nameNonLocalized":"Batteries","query":{"query":{"value":":relevance:facetCategories:v2NONELEBAT%7Cv2NONELE%7Cv2NON","__typename":"InternalPageQuery"},"url":"/nl-be/shop/search?q=%3Arelevance%3AfacetCategories%3Av2NONELEBAT%257Cv2NONELE%257Cv2NON","__typename":"PageQuery"},"selected":false,"__typename":"CategorySearchTreeFacetData"},"subCategories":[],"__typename":"CategorySearchTreeData"},"__typename":"CategorySearchTreeLevelDataList"},{"categoryCode":"v2BABMEATWE","categoryData":{"facetData":{"count":24,"name":"Maaltijden baby van 12 maanden","nameNonLocalized":"Meals baby 12 month","query":{"query":{"value":":relevance:facetCategories:v2BABMEATWE%7Cv2BABMEA%7Cv2BAB","__typename":"InternalPageQuery"},"url":"/nl-be/shop/search?q=%3Arelevance%3AfacetCategories%3Av2BABMEATWE%257Cv2BABMEA%257Cv2BAB","__typename":"PageQuery"},"selected":false,"__typename":"CategorySearchTreeFacetData"},"subCategories":["v2BABMEATWESAL"],"__typename":"CategorySearchTreeData"},"__typename":"CategorySearchTreeLevelDataList"},{"categoryCode":"v2CLESURCAN","categoryData":{"facetData":{"count":24,"name":"Pijpleidingen","nameNonLocalized":"Piping","query":{"query":{"value":":relevance:facetCategories:v2CLESURCAN%7Cv2CLESUR%7Cv2CLE","__typename":"InternalPageQuery"},"url":"/nl-be/shop/search?q=%3Arelevance%3AfacetCategories%3Av2CLESURCAN%257Cv2CLESUR%257Cv2CLE","__typename":"PageQuery"},"selected":false,"__typename":"CategorySearchTreeFacetData"},"subCategories":[],"__typename":"CategorySearchTreeData"},"__typename":"CategorySearchTreeLevelDataList"},{"categoryCode":"v2CLETOITOI","categoryData":{"facetData":{"count":24,"name":"Toiletpapier","nameNonLocalized":"Toilet paper","query":{"query":{"value":":relevance:facetCategories:v2CLETOITOI%7Cv2CLETOI%7Cv2CLE","__typename":"InternalPageQuery"},"url":"/nl-be/shop/search?q=%3Arelevance%3AfacetCategories%3Av2CLETOITOI%257Cv2CLETOI%257Cv2CLE","__typename":"PageQuery"},"selected":false,"__typename":"CategorySearchTreeFacetData"},"subCategories":[],"__typename":"CategorySearchTreeData"},"__typename":"CategorySearchTreeLevelDataList"},{"categoryCode":"v2DAIBUTSPRE","categoryData":{"facetData":{"count":24,"name":"Margarine smeerbaar","nameNonLocalized":"Spreadable margarine","query":{"query":{"value":":relevance:facetCategories:v2DAIBUTSPRE%7Cv2DAIBUT%7Cv2DAI","__typename":"InternalPageQuery"},"url":"/nl-be/shop/search?q=%3Arelevance%3AfacetCategories%3Av2DAIBUTSPRE%257Cv2DAIBUT%257Cv2DAI","__typename":"PageQuery"},"selected":false,"__typename":"CategorySearchTreeFacetData"},"subCategories":[],"__typename":"CategorySearchTreeData"},"__typename":"CategorySearchTreeLevelDataList"},{"categoryCode":"v2DRIBEETRA","categoryData":{"facetData":{"count":24,"name":"Trappistenbier","nameNonLocalized":"Trappist beers","query":{"query":{"value":":relevance:facetCategories:v2DRIBEETRA%7Cv2DRIBEE%7Cv2DRI","__typename":"InternalPageQuery"},"url":"/nl-be/shop/search?q=%3Arelevance%3AfacetCategories%3Av2DRIBEETRA%257Cv2DRIBEE%257Cv2DRI","__typename":"PageQuery"},"selected":false,"__typename":"CategorySearchTreeFacetData"},"subCategories":[],"__typename":"CategorySearchTreeData"},"__typename":"CategorySearchTreeLevelDataList"},{"categoryCode":"v2HYGPHASEX","categoryData":{"facetData":{"count":24,"name":"Seksuele hygiëne","nameNonLocalized":"Sexual hygiene","query":{"query":{"value":":relevance:facetCategories:v2HYGPHASEX%7Cv2HYGPHA%7Cv2HYG","__typename":"InternalPageQuery"},"url":"/nl-be/shop/search?q=%3Arelevance%3AfacetCategories%3Av2HYGPHASEX%257Cv2HYGPHA%257Cv2HYG","__typename":"PageQuery"},"selected":false,"__typename":"CategorySearchTreeFacetData"},"subCategories":[],"__typename":"CategorySearchTreeData"},"__typename":"CategorySearchTreeLevelDataList"},{"categoryCode":"v2SALOILVIN","categoryData":{"facetData":{"count":24,"name":"Azijnen","nameNonLocalized":"Vinegar","query":{"query":{"value":":relevance:facetCategories:v2SALOILVIN%7Cv2SALOIL%7Cv2SAL","__typename":"InternalPageQuery"},"url":"/nl-be/shop/search?q=%3Arelevance%3AfacetCategories%3Av2SALOILVIN%257Cv2SALOIL%257Cv2SAL","__typename":"PageQuery"},"selected":false,"__typename":"CategorySearchTreeFacetData"},"subCategories":[],"__typename":"CategorySearchTreeData"},"__typename":"CategorySearchTreeLevelDataList"},{"categoryCode":"v2SALSOUINS","categoryData":{"facetData":{"count":24,"name":"Instant soep","nameNonLocalized":"Instant soups","query":{"query":{"value":":relevance:facetCategories:v2SALSOUINS%7Cv2SALSOU%7Cv2SAL","__typename":"InternalPageQuery"},"url":"/nl-be/shop/search?q=%3Arelevance%3AfacetCategories%3Av2SALSOUINS%257Cv2SALSOU%257Cv2SAL","__typename":"PageQuery"},"selected":false,"__typename":"CategorySearchTreeFacetData"},"subCategories":[],"__typename":"CategorySearchTreeData"},"__typename":"CategorySearchTreeLevelDataList"},{"categoryCode":"v2BABHYGWIP","categoryData":{"facetData":{"count":23,"name":"Doekjes","nameNonLocalized":"Wipes","query":{"query":{"value":":relevance:facetCategories:v2BABHYGWIP%7Cv2BABHYG%7Cv2BAB","__typename":"InternalPageQuery"},"url":"/nl-be/shop/search?q=%3Arelevance%3AfacetCategories%3Av2BABHYGWIP%257Cv2BABHYG%257Cv2BAB","__typename":"PageQuery"},"selected":false,"__typename":"CategorySearchTreeFacetData"},"subCategories":[],"__typename":"CategorySearchTreeData"},"__typename":"CategorySearchTreeLevelDataList"},{"categoryCode":"v2BAKPREOTH","categoryData":{"facetData":{"count":23,"name":"Ander brood","nameNonLocalized":"Other breads","query":{"query":{"value":":relevance:facetCategories:v2BAKPREOTH%7Cv2BAKPRE%7Cv2BAK","__typename":"InternalPageQuery"},"url":"/nl-be/shop/search?q=%3Arelevance%3AfacetCategories%3Av2BAKPREOTH%257Cv2BAKPRE%257Cv2BAK","__typename":"PageQuery"},"selected":false,"__typename":"CategorySearchTreeFacetData"},"subCategories":[],"__typename":"CategorySearchTreeData"},"__typename":"CategorySearchTreeLevelDataList"},{"categoryCode":"v2FRUDRYDRY","categoryData":{"facetData":{"count":23,"name":"Gedroogd fruit","nameNonLocalized":"Dried fruits","query":{"query":{"value":":relevance:facetCategories:v2FRUDRYDRY%7Cv2FRUDRY%7Cv2FRU","__typename":"InternalPageQuery"},"url":"/nl-be/shop/search?q=%3Arelevance%3AfacetCategories%3Av2FRUDRYDRY%257Cv2FRUDRY%257Cv2FRU","__typename":"PageQuery"},"selected":false,"__typename":"CategorySearchTreeFacetData"},"subCategories":[],"__typename":"CategorySearchTreeData"},"__typename":"CategorySearchTreeLevelDataList"},{"categoryCode":"v2HYGPHAFEE","categoryData":{"facetData":{"count":23,"name":"Voetverzorging","nameNonLocalized":"Foot care","query":{"query":{"value":":relevance:facetCategories:v2HYGPHAFEE%7Cv2HYGPHA%7Cv2HYG","__typename":"InternalPageQuery"},"url":"/nl-be/shop/search?q=%3Arelevance%3AfacetCategories%3Av2HYGPHAFEE%257Cv2HYGPHA%257Cv2HYG","__typename":"PageQuery"},"selected":false,"__typename":"CategorySearchTreeFacetData"},"subCategories":[],"__typename":"CategorySearchTreeData"},"__typename":"CategorySearchTreeLevelDataList"},{"categoryCode":"v2SALCULSTO","categoryData":{"facetData":{"count":23,"name":"Fond","nameNonLocalized":"Stock","query":{"query":{"value":":relevance:facetCategories:v2SALCULSTO%7Cv2SALCUL%7Cv2SAL","__typename":"InternalPageQuery"},"url":"/nl-be/shop/search?q=%3Arelevance%3AfacetCategories%3Av2SALCULSTO%257Cv2SALCUL%257Cv2SAL","__typename":"PageQuery"},"selected":false,"__typename":"CategorySearchTreeFacetData"},"subCategories":[],"__typename":"CategorySearchTreeData"},"__typename":"CategorySearchTreeLevelDataList"},{"categoryCode":"v2SALSOUFRE","categoryData":{"facetData":{"count":23,"name":"Verse soep","nameNonLocalized":"Fresh soup","query":{"query":{"value":":relevance:facetCategories:v2SALSOUFRE%7Cv2SALSOU%7Cv2SAL","__typename":"InternalPageQuery"},"url":"/nl-be/shop/search?q=%3Arelevance%3AfacetCategories%3Av2SALSOUFRE%257Cv2SALSOU%257Cv2SAL","__typename":"PageQuery"},"selected":false,"__typename":"CategorySearchTreeFacetData"},"subCategories":[],"__typename":"CategorySearchTreeData"},"__typename":"CategorySearchTreeLevelDataList"},{"categoryCode":"v2DRIJUIAPP","categoryData":{"facetData":{"count":22,"name":"Appel","nameNonLocalized":"Apples","query":{"query":{"value":":relevance:facetCategories:v2DRIJUIAPP%7Cv2DRIJUI%7Cv2DRI","__typename":"InternalPageQuery"},"url":"/nl-be/shop/search?q=%3Arelevance%3AfacetCategories%3Av2DRIJUIAPP%257Cv2DRIJUI%257Cv2DRI","__typename":"PageQuery"},"selected":false,"__typename":"CategorySearchTreeFacetData"},"subCategories":[],"__typename":"CategorySearchTreeData"},"__typename":"CategorySearchTreeLevelDataList"},{"categoryCode":"v2DRIJUIMUL","categoryData":{"facetData":{"count":22,"name":"Multi-fruit","nameNonLocalized":"Multi-fruit","query":{"query":{"value":":relevance:facetCategories:v2DRIJUIMUL%7Cv2DRIJUI%7Cv2DRI","__typename":"InternalPageQuery"},"url":"/nl-be/shop/search?q=%3Arelevance%3AfacetCategories%3Av2DRIJUIMUL%257Cv2DRIJUI%257Cv2DRI","__typename":"PageQuery"},"selected":false,"__typename":"CategorySearchTreeFacetData"},"subCategories":[],"__typename":"CategorySearchTreeData"},"__typename":"CategorySearchTreeLevelDataList"},{"categoryCode":"v2DRIWATFLA","categoryData":{"facetData":{"count":22,"name":"Gearomatiseerd water","nameNonLocalized":"Flavoured waters","query":{"query":{"value":":relevance:facetCategories:v2DRIWATFLA%7Cv2DRIWAT%7Cv2DRI","__typename":"InternalPageQuery"},"url":"/nl-be/shop/search?q=%3Arelevance%3AfacetCategories%3Av2DRIWATFLA%257Cv2DRIWAT%257Cv2DRI","__typename":"PageQuery"},"selected":false,"__typename":"CategorySearchTreeFacetData"},"subCategories":[],"__typename":"CategorySearchTreeData"},"__typename":"CategorySearchTreeLevelDataList"}],"level":"3","__typename":"CategorySearchTreeLevel"},{"categoryDataList":[{"categoryCode":"v2BIOISBIOSWEBRE","categoryData":{"facetData":{"count":220,"name":"Ontbijt","nameNonLocalized":"Breakfast","query":{"query":{"value":":relevance:facetCategories:v2BIOISBIOSWEBRE%7Cv2BIOISBIOSWE%7Cv2BIOISBIO%7Cv2BIO","__typename":"InternalPageQuery"},"url":"/nl-be/shop/search?q=%3Arelevance%3AfacetCategories%3Av2BIOISBIOSWEBRE%257Cv2BIOISBIOSWE%257Cv2BIOISBIO%257Cv2BIO","__typename":"PageQuery"},"selected":false,"__typename":"CategorySearchTreeFacetData"},"subCategories":[],"__typename":"CategorySearchTreeData"},"__typename":"CategorySearchTreeLevelDataList"},{"categoryCode":"v2SALSPISPIGRO","categoryData":{"facetData":{"count":143,"name":"Gemalen","nameNonLocalized":"Ground","query":{"query":{"value":":relevance:facetCategories:v2SALSPISPIGRO%7Cv2SALSPISPI%7Cv2SALSPI%7Cv2SAL","__typename":"InternalPageQuery"},"url":"/nl-be/shop/search?q=%3Arelevance%3AfacetCategories%3Av2SALSPISPIGRO%257Cv2SALSPISPI%257Cv2SALSPI%257Cv2SAL","__typename":"PageQuery"},"selected":false,"__typename":"CategorySearchTreeFacetData"},"subCategories":[],"__typename":"CategorySearchTreeData"},"__typename":"CategorySearchTreeLevelDataList"},{"categoryCode":"v2WINEXCREDBOR","categoryData":{"facetData":{"count":141,"name":"Frankrijk - Bordeaux","nameNonLocalized":"France - Bordeaux","query":{"query":{"value":":relevance:facetCategories:v2WINEXCREDBOR%7Cv2WINEXCRED%7Cv2WINEXC%7Cv2WIN","__typename":"InternalPageQuery"},"url":"/nl-be/shop/search?q=%3Arelevance%3AfacetCategories%3Av2WINEXCREDBOR%257Cv2WINEXCRED%257Cv2WINEXC%257Cv2WIN","__typename":"PageQuery"},"selected":false,"__typename":"CategorySearchTreeFacetData"},"subCategories":[],"__typename":"CategorySearchTreeData"},"__typename":"CategorySearchTreeLevelDataList"},{"categoryCode":"v2WINREDEXCBOR","categoryData":{"facetData":{"count":141,"name":"Frankrijk - Bordeaux","nameNonLocalized":"France - Bordeaux","query":{"query":{"value":":relevance:facetCategories:v2WINREDEXCBOR%7Cv2WINREDEXC%7Cv2WINRED%7Cv2WIN","__typename":"InternalPageQuery"},"url":"/nl-be/shop/search?q=%3Arelevance%3AfacetCategories%3Av2WINREDEXCBOR%257Cv2WINREDEXC%257Cv2WINRED%257Cv2WIN","__typename":"PageQuery"},"selected":false,"__typename":"CategorySearchTreeFacetData"},"subCategories":[],"__typename":"CategorySearchTreeData"},"__typename":"CategorySearchTreeLevelDataList"},{"categoryCode":"v2HYGHAISHALIQ","categoryData":{"facetData":{"count":122,"name":"Vloeibare shampoo","nameNonLocalized":"Liquid shampoo","query":{"query":{"value":":relevance:facetCategories:v2HYGHAISHALIQ%7Cv2HYGHAISHA%7Cv2HYGHAI%7Cv2HYG","__typename":"InternalPageQuery"},"url":"/nl-be/shop/search?q=%3Arelevance%3AfacetCategories%3Av2HYGHAISHALIQ%257Cv2HYGHAISHA%257Cv2HYGHAI%257Cv2HYG","__typename":"PageQuery"},"selected":false,"__typename":"CategorySearchTreeFacetData"},"subCategories":[],"__typename":"CategorySearchTreeData"},"__typename":"CategorySearchTreeLevelDataList"},{"categoryCode":"v2HYGFACCARCRE","categoryData":{"facetData":{"count":117,"name":"Crèmes","nameNonLocalized":"Creams","query":{"query":{"value":":relevance:facetCategories:v2HYGFACCARCRE%7Cv2HYGFACCAR%7Cv2HYGFAC%7Cv2HYG","__typename":"InternalPageQuery"},"url":"/nl-be/shop/search?q=%3Arelevance%3AfacetCategories%3Av2HYGFACCARCRE%257Cv2HYGFACCAR%257Cv2HYGFAC%257Cv2HYG","__typename":"PageQuery"},"selected":false,"__typename":"CategorySearchTreeFacetData"},"subCategories":[],"__typename":"CategorySearchTreeData"},"__typename":"CategorySearchTreeLevelDataList"},{"categoryCode":"v2WINREDFRABOR","categoryData":{"facetData":{"count":113,"name":"Bordeaux","nameNonLocalized":"Bordeaux","query":{"query":{"value":":relevance:facetCategories:v2WINREDFRABOR%7Cv2WINREDFRA%7Cv2WINRED%7Cv2WIN","__typename":"InternalPageQuery"},"url":"/nl-be/shop/search?q=%3Arelevance%3AfacetCategories%3Av2WINREDFRABOR%257Cv2WINREDFRA%257Cv2WINRED%257Cv2WIN","__typename":"PageQuery"},"selected":false,"__typename":"CategorySearchTreeFacetData"},"subCategories":[],"__typename":"CategorySearchTreeData"},"__typename":"CategorySearchTreeLevelDataList"},{"categoryCode":"v2SWEBRESPRJAM","categoryData":{"facetData":{"count":108,"name":"Confituur","nameNonLocalized":"Jams","query":{"query":{"value":":relevance:facetCategories:v2SWEBRESPRJAM%7Cv2SWEBRESPR%7Cv2SWEBRE%7Cv2SWE","__typename":"InternalPageQuery"},"url":"/nl-be/shop/search?q=%3Arelevance%3AfacetCategories%3Av2SWEBRESPRJAM%257Cv2SWEBRESPR%257Cv2SWEBRE%257Cv2SWE","__typename":"PageQuery"},"selected":false,"__typename":"CategorySearchTreeFacetData"},"subCategories":[],"__typename":"CategorySearchTreeData"},"__typename":"CategorySearchTreeLevelDataList"},{"categoryCode":"v2BIOISBIODRIHOT","categoryData":{"facetData":{"count":107,"name":"Warme dranken","nameNonLocalized":"Hot drinks","query":{"query":{"value":":relevance:facetCategories:v2BIOISBIODRIHOT%7Cv2BIOISBIODRI%7Cv2BIOISBIO%7Cv2BIO","__typename":"InternalPageQuery"},"url":"/nl-be/shop/search?q=%3Arelevance%3AfacetCategories%3Av2BIOISBIODRIHOT%257Cv2BIOISBIODRI%257Cv2BIOISBIO%257Cv2BIO","__typename":"PageQuery"},"selected":false,"__typename":"CategorySearchTreeFacetData"},"subCategories":[],"__typename":"CategorySearchTreeData"},"__typename":"CategorySearchTreeLevelDataList"},{"categoryCode":"v2HYGBODDEOSPR","categoryData":{"facetData":{"count":107,"name":"Deodorant spray","nameNonLocalized":"Deodorant spray","query":{"query":{"value":":relevance:facetCategories:v2HYGBODDEOSPR%7Cv2HYGBODDEO%7Cv2HYGBOD%7Cv2HYG","__typename":"InternalPageQuery"},"url":"/nl-be/shop/search?q=%3Arelevance%3AfacetCategories%3Av2HYGBODDEOSPR%257Cv2HYGBODDEO%257Cv2HYGBOD%257Cv2HYG","__typename":"PageQuery"},"selected":false,"__typename":"CategorySearchTreeFacetData"},"subCategories":[],"__typename":"CategorySearchTreeData"},"__typename":"CategorySearchTreeLevelDataList"},{"categoryCode":"v2HYGBODBODGEL","categoryData":{"facetData":{"count":98,"name":"Douchegel","nameNonLocalized":"Shower gel","query":{"query":{"value":":relevance:facetCategories:v2HYGBODBODGEL%7Cv2HYGBODBOD%7Cv2HYGBOD%7Cv2HYG","__typename":"InternalPageQuery"},"url":"/nl-be/shop/search?q=%3Arelevance%3AfacetCategories%3Av2HYGBODBODGEL%257Cv2HYGBODBOD%257Cv2HYGBOD%257Cv2HYG","__typename":"PageQuery"},"selected":false,"__typename":"CategorySearchTreeFacetData"},"subCategories":[],"__typename":"CategorySearchTreeData"},"__typename":"CategorySearchTreeLevelDataList"},{"categoryCode":"v2SALPASPASWHI","categoryData":{"facetData":{"count":97,"name":"Witte pasta","nameNonLocalized":"White pasta","query":{"query":{"value":":relevance:facetCategories:v2SALPASPASWHI%7Cv2SALPASPAS%7Cv2SALPAS%7Cv2SAL","__typename":"InternalPageQuery"},"url":"/nl-be/shop/search?q=%3Arelevance%3AfacetCategories%3Av2SALPASPASWHI%257Cv2SALPASPAS%257Cv2SALPAS%257Cv2SAL","__typename":"PageQuery"},"selected":false,"__typename":"CategorySearchTreeFacetData"},"subCategories":[],"__typename":"CategorySearchTreeData"},"__typename":"CategorySearchTreeLevelDataList"},{"categoryCode":"v2DRIHOTCOFNES","categoryData":{"facetData":{"count":89,"name":"Nespresso compatibel caps","nameNonLocalized":"Compatble caps Nespresso","query":{"query":{"value":":relevance:facetCategories:v2DRIHOTCOFNES%7Cv2DRIHOTCOF%7Cv2DRIHOT%7Cv2DRI","__typename":"InternalPageQuery"},"url":"/nl-be/shop/search?q=%3Arelevance%3AfacetCategories%3Av2DRIHOTCOFNES%257Cv2DRIHOTCOF%257Cv2DRIHOT%257Cv2DRI","__typename":"PageQuery"},"selected":false,"__typename":"CategorySearchTreeFacetData"},"subCategories":[],"__typename":"CategorySearchTreeData"},"__typename":"CategorySearchTreeLevelDataList"},{"categoryCode":"v2SWEBRECOFNES","categoryData":{"facetData":{"count":89,"name":"Nespresso compatibel caps","nameNonLocalized":"Compatible caps Nespresso","query":{"query":{"value":":relevance:facetCategories:v2SWEBRECOFNES%7Cv2SWEBRECOF%7Cv2SWEBRE%7Cv2SWE","__typename":"InternalPageQuery"},"url":"/nl-be/shop/search?q=%3Arelevance%3AfacetCategories%3Av2SWEBRECOFNES%257Cv2SWEBRECOF%257Cv2SWEBRE%257Cv2SWE","__typename":"PageQuery"},"selected":false,"__typename":"CategorySearchTreeFacetData"},"subCategories":[],"__typename":"CategorySearchTreeData"},"__typename":"CategorySearchTreeLevelDataList"},{"categoryCode":"v2SWECHOTABORD","categoryData":{"facetData":{"count":89,"name":"Classic tabletten","nameNonLocalized":"Classic tablets","query":{"query":{"value":":relevance:facetCategories:v2SWECHOTABORD%7Cv2SWECHOTAB%7Cv2SWECHO%7Cv2SWE","__typename":"InternalPageQuery"},"url":"/nl-be/shop/search?q=%3Arelevance%3AfacetCategories%3Av2SWECHOTABORD%257Cv2SWECHOTAB%257Cv2SWECHO%257Cv2SWE","__typename":"PageQuery"},"selected":false,"__typename":"CategorySearchTreeFacetData"},"subCategories":[],"__typename":"CategorySearchTreeData"},"__typename":"CategorySearchTreeLevelDataList"},{"categoryCode":"v2SALAPECHICLA","categoryData":{"facetData":{"count":86,"name":"Klassieke chips","nameNonLocalized":"Classic chips","query":{"query":{"value":":relevance:facetCategories:v2SALAPECHICLA%7Cv2SALAPECHI%7Cv2SALAPE%7Cv2SAL","__typename":"InternalPageQuery"},"url":"/nl-be/shop/search?q=%3Arelevance%3AfacetCategories%3Av2SALAPECHICLA%257Cv2SALAPECHI%257Cv2SALAPE%257Cv2SAL","__typename":"PageQuery"},"selected":false,"__typename":"CategorySearchTreeFacetData"},"subCategories":[],"__typename":"CategorySearchTreeData"},"__typename":"CategorySearchTreeLevelDataList"},{"categoryCode":"v2SWEBRESPRCHO","categoryData":{"facetData":{"count":79,"name":"Smeerpasta","nameNonLocalized":"Spreads Chocolate","query":{"query":{"value":":relevance:facetCategories:v2SWEBRESPRCHO%7Cv2SWEBRESPR%7Cv2SWEBRE%7Cv2SWE","__typename":"InternalPageQuery"},"url":"/nl-be/shop/search?q=%3Arelevance%3AfacetCategories%3Av2SWEBRESPRCHO%257Cv2SWEBRESPR%257Cv2SWEBRE%257Cv2SWE","__typename":"PageQuery"},"selected":false,"__typename":"CategorySearchTreeFacetData"},"subCategories":[],"__typename":"CategorySearchTreeData"},"__typename":"CategorySearchTreeLevelDataList"},{"categoryCode":"v2BIOFAISWEBRE","categoryData":{"facetData":{"count":77,"name":"Ontbijt","nameNonLocalized":"Breakfast","query":{"query":{"value":":relevance:facetCategories:v2BIOFAISWEBRE%7Cv2BIOFAISWE%7Cv2BIOFAI%7Cv2BIO","__typename":"InternalPageQuery"},"url":"/nl-be/shop/search?q=%3Arelevance%3AfacetCategories%3Av2BIOFAISWEBRE%257Cv2BIOFAISWE%257Cv2BIOFAI%257Cv2BIO","__typename":"PageQuery"},"selected":false,"__typename":"CategorySearchTreeFacetData"},"subCategories":[],"__typename":"CategorySearchTreeData"},"__typename":"CategorySearchTreeLevelDataList"},{"categoryCode":"v2HYGDENTOOADU","categoryData":{"facetData":{"count":73,"name":"Volwassenen","nameNonLocalized":"Adults","query":{"query":{"value":":relevance:facetCategories:v2HYGDENTOOADU%7Cv2HYGDENTOO%7Cv2HYGDEN%7Cv2HYG","__typename":"InternalPageQuery"},"url":"/nl-be/shop/search?q=%3Arelevance%3AfacetCategories%3Av2HYGDENTOOADU%257Cv2HYGDENTOO%257Cv2HYGDEN%257Cv2HYG","__typename":"PageQuery"},"selected":false,"__typename":"CategorySearchTreeFacetData"},"subCategories":[],"__typename":"CategorySearchTreeData"},"__typename":"CategorySearchTreeLevelDataList"},{"categoryCode":"v2PETCATWETPOU","categoryData":{"facetData":{"count":73,"name":"Versheidszakjes","nameNonLocalized":"Pouches","query":{"query":{"value":":relevance:facetCategories:v2PETCATWETPOU%7Cv2PETCATWET%7Cv2PETCAT%7Cv2PET","__typename":"InternalPageQuery"},"url":"/nl-be/shop/search?q=%3Arelevance%3AfacetCategories%3Av2PETCATWETPOU%257Cv2PETCATWET%257Cv2PETCAT%257Cv2PET","__typename":"PageQuery"},"selected":false,"__typename":"CategorySearchTreeFacetData"},"subCategories":[],"__typename":"CategorySearchTreeData"},"__typename":"CategorySearchTreeLevelDataList"},{"categoryCode":"v2HYGHAICOLPER","categoryData":{"facetData":{"count":70,"name":"Permanent","nameNonLocalized":"Permanent","query":{"query":{"value":":relevance:facetCategories:v2HYGHAICOLPER%7Cv2HYGHAICOL%7Cv2HYGHAI%7Cv2HYG","__typename":"InternalPageQuery"},"url":"/nl-be/shop/search?q=%3Arelevance%3AfacetCategories%3Av2HYGHAICOLPER%257Cv2HYGHAICOL%257Cv2HYGHAI%257Cv2HYG","__typename":"PageQuery"},"selected":false,"__typename":"CategorySearchTreeFacetData"},"subCategories":[],"__typename":"CategorySearchTreeData"},"__typename":"CategorySearchTreeLevelDataList"},{"categoryCode":"v2HYGHAICONLIQ","categoryData":{"facetData":{"count":66,"name":"Vloeibare conditioner","nameNonLocalized":"Liquid conditionner","query":{"query":{"value":":relevance:facetCategories:v2HYGHAICONLIQ%7Cv2HYGHAICON%7Cv2HYGHAI%7Cv2HYG","__typename":"InternalPageQuery"},"url":"/nl-be/shop/search?q=%3Arelevance%3AfacetCategories%3Av2HYGHAICONLIQ%257Cv2HYGHAICON%257Cv2HYGHAI%257Cv2HYG","__typename":"PageQuery"},"selected":false,"__typename":"CategorySearchTreeFacetData"},"subCategories":[],"__typename":"CategorySearchTreeData"},"__typename":"CategorySearchTreeLevelDataList"},{"categoryCode":"v2DRIBEESPEBLO","categoryData":{"facetData":{"count":65,"name":"Blond bier","nameNonLocalized":"Blond beers","query":{"query":{"value":":relevance:facetCategories:v2DRIBEESPEBLO%7Cv2DRIBEESPE%7Cv2DRIBEE%7Cv2DRI","__typename":"InternalPageQuery"},"url":"/nl-be/shop/search?q=%3Arelevance%3AfacetCategories%3Av2DRIBEESPEBLO%257Cv2DRIBEESPE%257Cv2DRIBEE%257Cv2DRI","__typename":"PageQuery"},"selected":false,"__typename":"CategorySearchTreeFacetData"},"subCategories":[],"__typename":"CategorySearchTreeData"},"__typename":"CategorySearchTreeLevelDataList"},{"categoryCode":"v2BIOFAIDRIHOT","categoryData":{"facetData":{"count":62,"name":"Warme dranken","nameNonLocalized":"Hot drinks","query":{"query":{"value":":relevance:facetCategories:v2BIOFAIDRIHOT%7Cv2BIOFAIDRI%7Cv2BIOFAI%7Cv2BIO","__typename":"InternalPageQuery"},"url":"/nl-be/shop/search?q=%3Arelevance%3AfacetCategories%3Av2BIOFAIDRIHOT%257Cv2BIOFAIDRI%257Cv2BIOFAI%257Cv2BIO","__typename":"PageQuery"},"selected":false,"__typename":"CategorySearchTreeFacetData"},"subCategories":[],"__typename":"CategorySearchTreeData"},"__typename":"CategorySearchTreeLevelDataList"},{"categoryCode":"v2BIOFAISWECHO","categoryData":{"facetData":{"count":62,"name":"Chocolade","nameNonLocalized":"Chocolate","query":{"query":{"value":":relevance:facetCategories:v2BIOFAISWECHO%7Cv2BIOFAISWE%7Cv2BIOFAI%7Cv2BIO","__typename":"InternalPageQuery"},"url":"/nl-be/shop/search?q=%3Arelevance%3AfacetCategories%3Av2BIOFAISWECHO%257Cv2BIOFAISWE%257Cv2BIOFAI%257Cv2BIO","__typename":"PageQuery"},"selected":false,"__typename":"CategorySearchTreeFacetData"},"subCategories":[],"__typename":"CategorySearchTreeData"},"__typename":"CategorySearchTreeLevelDataList"},{"categoryCode":"v2HYGFACSHABLA","categoryData":{"facetData":{"count":62,"name":"Scheermessen en mesjes","nameNonLocalized":"Razors and blades","query":{"query":{"value":":relevance:facetCategories:v2HYGFACSHABLA%7Cv2HYGFACSHA%7Cv2HYGFAC%7Cv2HYG","__typename":"InternalPageQuery"},"url":"/nl-be/shop/search?q=%3Arelevance%3AfacetCategories%3Av2HYGFACSHABLA%257Cv2HYGFACSHA%257Cv2HYGFAC%257Cv2HYG","__typename":"PageQuery"},"selected":false,"__typename":"CategorySearchTreeFacetData"},"subCategories":[],"__typename":"CategorySearchTreeData"},"__typename":"CategorySearchTreeLevelDataList"},{"categoryCode":"v2CLELAULAULIQ","categoryData":{"facetData":{"count":61,"name":"Vloeibaar","nameNonLocalized":"Liquid","query":{"query":{"value":":relevance:facetCategories:v2CLELAULAULIQ%7Cv2CLELAULAU%7Cv2CLELAU%7Cv2CLE","__typename":"InternalPageQuery"},"url":"/nl-be/shop/search?q=%3Arelevance%3AfacetCategories%3Av2CLELAULAULIQ%257Cv2CLELAULAU%257Cv2CLELAU%257Cv2CLE","__typename":"PageQuery"},"selected":false,"__typename":"CategorySearchTreeFacetData"},"subCategories":[],"__typename":"CategorySearchTreeData"},"__typename":"CategorySearchTreeLevelDataList"},{"categoryCode":"v2DRIHOTCOFGRO","categoryData":{"facetData":{"count":61,"name":"Gemalen","nameNonLocalized":"Ground","query":{"query":{"value":":relevance:facetCategories:v2DRIHOTCOFGRO%7Cv2DRIHOTCOF%7Cv2DRIHOT%7Cv2DRI","__typename":"InternalPageQuery"},"url":"/nl-be/shop/search?q=%3Arelevance%3AfacetCategories%3Av2DRIHOTCOFGRO%257Cv2DRIHOTCOF%257Cv2DRIHOT%257Cv2DRI","__typename":"PageQuery"},"selected":false,"__typename":"CategorySearchTreeFacetData"},"subCategories":[],"__typename":"CategorySearchTreeData"},"__typename":"CategorySearchTreeLevelDataList"},{"categoryCode":"v2SWEBRECOFGRO","categoryData":{"facetData":{"count":61,"name":"Gemalen","nameNonLocalized":"Ground","query":{"query":{"value":":relevance:facetCategories:v2SWEBRECOFGRO%7Cv2SWEBRECOF%7Cv2SWEBRE%7Cv2SWE","__typename":"InternalPageQuery"},"url":"/nl-be/shop/search?q=%3Arelevance%3AfacetCategories%3Av2SWEBRECOFGRO%257Cv2SWEBRECOF%257Cv2SWEBRE%257Cv2SWE","__typename":"PageQuery"},"selected":false,"__typename":"CategorySearchTreeFacetData"},"subCategories":[],"__typename":"CategorySearchTreeData"},"__typename":"CategorySearchTreeLevelDataList"},{"categoryCode":"v2DRIHOTCOFDOL","categoryData":{"facetData":{"count":56,"name":"Dolce Gusto compatibel caps","nameNonLocalized":"Compatible caps Dolce Gusto","query":{"query":{"value":":relevance:facetCategories:v2DRIHOTCOFDOL%7Cv2DRIHOTCOF%7Cv2DRIHOT%7Cv2DRI","__typename":"InternalPageQuery"},"url":"/nl-be/shop/search?q=%3Arelevance%3AfacetCategories%3Av2DRIHOTCOFDOL%257Cv2DRIHOTCOF%257Cv2DRIHOT%257Cv2DRI","__typename":"PageQuery"},"selected":false,"__typename":"CategorySearchTreeFacetData"},"subCategories":[],"__typename":"CategorySearchTreeData"},"__typename":"CategorySearchTreeLevelDataList"},{"categoryCode":"v2HYGMAKMAKEYE","categoryData":{"facetData":{"count":56,"name":"Ogen","nameNonLocalized":"Eyes","query":{"query":{"value":":relevance:facetCategories:v2HYGMAKMAKEYE%7Cv2HYGMAKMAK%7Cv2HYGMAK%7Cv2HYG","__typename":"InternalPageQuery"},"url":"/nl-be/shop/search?q=%3Arelevance%3AfacetCategories%3Av2HYGMAKMAKEYE%257Cv2HYGMAKMAK%257Cv2HYGMAK%257Cv2HYG","__typename":"PageQuery"},"selected":false,"__typename":"CategorySearchTreeFacetData"},"subCategories":[],"__typename":"CategorySearchTreeData"},"__typename":"CategorySearchTreeLevelDataList"},{"categoryCode":"v2SWEBRECOFDOL","categoryData":{"facetData":{"count":56,"name":"Nescafé Dolce Gusto caps en compatibele","nameNonLocalized":"Nescafé Dolce Gusto caps and compatible","query":{"query":{"value":":relevance:facetCategories:v2SWEBRECOFDOL%7Cv2SWEBRECOF%7Cv2SWEBRE%7Cv2SWE","__typename":"InternalPageQuery"},"url":"/nl-be/shop/search?q=%3Arelevance%3AfacetCategories%3Av2SWEBRECOFDOL%257Cv2SWEBRECOF%257Cv2SWEBRE%257Cv2SWE","__typename":"PageQuery"},"selected":false,"__typename":"CategorySearchTreeFacetData"},"subCategories":[],"__typename":"CategorySearchTreeData"},"__typename":"CategorySearchTreeLevelDataList"},{"categoryCode":"v2BIOISBIOSALPAS","categoryData":{"facetData":{"count":55,"name":"Pasta, rijst en andere zetmeelproducten","nameNonLocalized":"Pasta, rice and grains","query":{"query":{"value":":relevance:facetCategories:v2BIOISBIOSALPAS%7Cv2BIOISBIOSAL%7Cv2BIOISBIO%7Cv2BIO","__typename":"InternalPageQuery"},"url":"/nl-be/shop/search?q=%3Arelevance%3AfacetCategories%3Av2BIOISBIOSALPAS%257Cv2BIOISBIOSAL%257Cv2BIOISBIO%257Cv2BIO","__typename":"PageQuery"},"selected":false,"__typename":"CategorySearchTreeFacetData"},"subCategories":[],"__typename":"CategorySearchTreeData"},"__typename":"CategorySearchTreeLevelDataList"},{"categoryCode":"v2HYGMAKMAKSHA","categoryData":{"facetData":{"count":55,"name":"Huid","nameNonLocalized":"Complexion","query":{"query":{"value":":relevance:facetCategories:v2HYGMAKMAKSHA%7Cv2HYGMAKMAK%7Cv2HYGMAK%7Cv2HYG","__typename":"InternalPageQuery"},"url":"/nl-be/shop/search?q=%3Arelevance%3AfacetCategories%3Av2HYGMAKMAKSHA%257Cv2HYGMAKMAK%257Cv2HYGMAK%257Cv2HYG","__typename":"PageQuery"},"selected":false,"__typename":"CategorySearchTreeFacetData"},"subCategories":[],"__typename":"CategorySearchTreeData"},"__typename":"CategorySearchTreeLevelDataList"},{"categoryCode":"v2SWEBISDRYCHO","categoryData":{"facetData":{"count":55,"name":"Chocolade","nameNonLocalized":"Chocolate","query":{"query":{"value":":relevance:facetCategories:v2SWEBISDRYCHO%7Cv2SWEBISDRY%7Cv2SWEBIS%7Cv2SWE","__typename":"InternalPageQuery"},"url":"/nl-be/shop/search?q=%3Arelevance%3AfacetCategories%3Av2SWEBISDRYCHO%257Cv2SWEBISDRY%257Cv2SWEBIS%257Cv2SWE","__typename":"PageQuery"},"selected":false,"__typename":"CategorySearchTreeFacetData"},"subCategories":[],"__typename":"CategorySearchTreeData"},"__typename":"CategorySearchTreeLevelDataList"},{"categoryCode":"v2SWEBISSPEOTH","categoryData":{"facetData":{"count":54,"name":"Andere","nameNonLocalized":"Other","query":{"query":{"value":":relevance:facetCategories:v2SWEBISSPEOTH%7Cv2SWEBISSPE%7Cv2SWEBIS%7Cv2SWE","__typename":"InternalPageQuery"},"url":"/nl-be/shop/search?q=%3Arelevance%3AfacetCategories%3Av2SWEBISSPEOTH%257Cv2SWEBISSPE%257Cv2SWEBIS%257Cv2SWE","__typename":"PageQuery"},"selected":false,"__typename":"CategorySearchTreeFacetData"},"subCategories":[],"__typename":"CategorySearchTreeData"},"__typename":"CategorySearchTreeLevelDataList"},{"categoryCode":"v2SWECHOTABPRE","categoryData":{"facetData":{"count":54,"name":"Dunne & premiumtabletten","nameNonLocalized":"Thin and premium tablets","query":{"query":{"value":":relevance:facetCategories:v2SWECHOTABPRE%7Cv2SWECHOTAB%7Cv2SWECHO%7Cv2SWE","__typename":"InternalPageQuery"},"url":"/nl-be/shop/search?q=%3Arelevance%3AfacetCategories%3Av2SWECHOTABPRE%257Cv2SWECHOTAB%257Cv2SWECHO%257Cv2SWE","__typename":"PageQuery"},"selected":false,"__typename":"CategorySearchTreeFacetData"},"subCategories":[],"__typename":"CategorySearchTreeData"},"__typename":"CategorySearchTreeLevelDataList"},{"categoryCode":"v2BIOISBIOFRUVEG","categoryData":{"facetData":{"count":53,"name":"Verse groenten","nameNonLocalized":"Fresh vegetables","query":{"query":{"value":":relevance:facetCategories:v2BIOISBIOFRUVEG%7Cv2BIOISBIOFRU%7Cv2BIOISBIO%7Cv2BIO","__typename":"InternalPageQuery"},"url":"/nl-be/shop/search?q=%3Arelevance%3AfacetCategories%3Av2BIOISBIOFRUVEG%257Cv2BIOISBIOFRU%257Cv2BIOISBIO%257Cv2BIO","__typename":"PageQuery"},"selected":false,"__typename":"CategorySearchTreeFacetData"},"subCategories":[],"__typename":"CategorySearchTreeData"},"__typename":"CategorySearchTreeLevelDataList"},{"categoryCode":"v2DRIHOTCOFGRA","categoryData":{"facetData":{"count":52,"name":"Bonen","nameNonLocalized":"Beans","query":{"query":{"value":":relevance:facetCategories:v2DRIHOTCOFGRA%7Cv2DRIHOTCOF%7Cv2DRIHOT%7Cv2DRI","__typename":"InternalPageQuery"},"url":"/nl-be/shop/search?q=%3Arelevance%3AfacetCategories%3Av2DRIHOTCOFGRA%257Cv2DRIHOTCOF%257Cv2DRIHOT%257Cv2DRI","__typename":"PageQuery"},"selected":false,"__typename":"CategorySearchTreeFacetData"},"subCategories":[],"__typename":"CategorySearchTreeData"},"__typename":"CategorySearchTreeLevelDataList"},{"categoryCode":"v2SWEBRECOFGRA","categoryData":{"facetData":{"count":52,"name":"Bonen","nameNonLocalized":"Beans","query":{"query":{"value":":relevance:facetCategories:v2SWEBRECOFGRA%7Cv2SWEBRECOF%7Cv2SWEBRE%7Cv2SWE","__typename":"InternalPageQuery"},"url":"/nl-be/shop/search?q=%3Arelevance%3AfacetCategories%3Av2SWEBRECOFGRA%257Cv2SWEBRECOF%257Cv2SWEBRE%257Cv2SWE","__typename":"PageQuery"},"selected":false,"__typename":"CategorySearchTreeFacetData"},"subCategories":[],"__typename":"CategorySearchTreeData"},"__typename":"CategorySearchTreeLevelDataList"},{"categoryCode":"v2SWEBISDRYTEA","categoryData":{"facetData":{"count":47,"name":"Met thee en koffie","nameNonLocalized":"With tea and coffee","query":{"query":{"value":":relevance:facetCategories:v2SWEBISDRYTEA%7Cv2SWEBISDRY%7Cv2SWEBIS%7Cv2SWE","__typename":"InternalPageQuery"},"url":"/nl-be/shop/search?q=%3Arelevance%3AfacetCategories%3Av2SWEBISDRYTEA%257Cv2SWEBISDRY%257Cv2SWEBIS%257Cv2SWE","__typename":"PageQuery"},"selected":false,"__typename":"CategorySearchTreeFacetData"},"subCategories":[],"__typename":"CategorySearchTreeData"},"__typename":"CategorySearchTreeLevelDataList"},{"categoryCode":"v2DRIHOTCOFINS","categoryData":{"facetData":{"count":46,"name":"Instant","nameNonLocalized":"Instant","query":{"query":{"value":":relevance:facetCategories:v2DRIHOTCOFINS%7Cv2DRIHOTCOF%7Cv2DRIHOT%7Cv2DRI","__typename":"InternalPageQuery"},"url":"/nl-be/shop/search?q=%3Arelevance%3AfacetCategories%3Av2DRIHOTCOFINS%257Cv2DRIHOTCOF%257Cv2DRIHOT%257Cv2DRI","__typename":"PageQuery"},"selected":false,"__typename":"CategorySearchTreeFacetData"},"subCategories":[],"__typename":"CategorySearchTreeData"},"__typename":"CategorySearchTreeLevelDataList"},{"categoryCode":"v2SWEBRECOFINS","categoryData":{"facetData":{"count":46,"name":"Instant","nameNonLocalized":"Instant","query":{"query":{"value":":relevance:facetCategories:v2SWEBRECOFINS%7Cv2SWEBRECOF%7Cv2SWEBRE%7Cv2SWE","__typename":"InternalPageQuery"},"url":"/nl-be/shop/search?q=%3Arelevance%3AfacetCategories%3Av2SWEBRECOFINS%257Cv2SWEBRECOF%257Cv2SWEBRE%257Cv2SWE","__typename":"PageQuery"},"selected":false,"__typename":"CategorySearchTreeFacetData"},"subCategories":[],"__typename":"CategorySearchTreeData"},"__typename":"CategorySearchTreeLevelDataList"},{"categoryCode":"v2WINEXCREDITA","categoryData":{"facetData":{"count":46,"name":"Italië","nameNonLocalized":"Italy","query":{"query":{"value":":relevance:facetCategories:v2WINEXCREDITA%7Cv2WINEXCRED%7Cv2WINEXC%7Cv2WIN","__typename":"InternalPageQuery"},"url":"/nl-be/shop/search?q=%3Arelevance%3AfacetCategories%3Av2WINEXCREDITA%257Cv2WINEXCRED%257Cv2WINEXC%257Cv2WIN","__typename":"PageQuery"},"selected":false,"__typename":"CategorySearchTreeFacetData"},"subCategories":[],"__typename":"CategorySearchTreeData"},"__typename":"CategorySearchTreeLevelDataList"},{"categoryCode":"v2WINREDEXCITA","categoryData":{"facetData":{"count":46,"name":"Italië","nameNonLocalized":"Italy","query":{"query":{"value":":relevance:facetCategories:v2WINREDEXCITA%7Cv2WINREDEXC%7Cv2WINRED%7Cv2WIN","__typename":"InternalPageQuery"},"url":"/nl-be/shop/search?q=%3Arelevance%3AfacetCategories%3Av2WINREDEXCITA%257Cv2WINREDEXC%257Cv2WINRED%257Cv2WIN","__typename":"PageQuery"},"selected":false,"__typename":"CategorySearchTreeFacetData"},"subCategories":[],"__typename":"CategorySearchTreeData"},"__typename":"CategorySearchTreeLevelDataList"},{"categoryCode":"v2BIOISBIODAIYOG","categoryData":{"facetData":{"count":44,"name":"Yoghurt en alternatieven","nameNonLocalized":"Yoghurt and alternatives","query":{"query":{"value":":relevance:facetCategories:v2BIOISBIODAIYOG%7Cv2BIOISBIODAI%7Cv2BIOISBIO%7Cv2BIO","__typename":"InternalPageQuery"},"url":"/nl-be/shop/search?q=%3Arelevance%3AfacetCategories%3Av2BIOISBIODAIYOG%257Cv2BIOISBIODAI%257Cv2BIOISBIO%257Cv2BIO","__typename":"PageQuery"},"selected":false,"__typename":"CategorySearchTreeFacetData"},"subCategories":[],"__typename":"CategorySearchTreeData"},"__typename":"CategorySearchTreeLevelDataList"},{"categoryCode":"v2CLETOICLEBLO","categoryData":{"facetData":{"count":43,"name":"WC blok","nameNonLocalized":"WC block","query":{"query":{"value":":relevance:facetCategories:v2CLETOICLEBLO%7Cv2CLETOICLE%7Cv2CLETOI%7Cv2CLE","__typename":"InternalPageQuery"},"url":"/nl-be/shop/search?q=%3Arelevance%3AfacetCategories%3Av2CLETOICLEBLO%257Cv2CLETOICLE%257Cv2CLETOI%257Cv2CLE","__typename":"PageQuery"},"selected":false,"__typename":"CategorySearchTreeFacetData"},"subCategories":[],"__typename":"CategorySearchTreeData"},"__typename":"CategorySearchTreeLevelDataList"},{"categoryCode":"v2HYGBODDEOROL","categoryData":{"facetData":{"count":43,"name":"Deodorant roll","nameNonLocalized":"Deodorant roll","query":{"query":{"value":":relevance:facetCategories:v2HYGBODDEOROL%7Cv2HYGBODDEO%7Cv2HYGBOD%7Cv2HYG","__typename":"InternalPageQuery"},"url":"/nl-be/shop/search?q=%3Arelevance%3AfacetCategories%3Av2HYGBODDEOROL%257Cv2HYGBODDEO%257Cv2HYGBOD%257Cv2HYG","__typename":"PageQuery"},"selected":false,"__typename":"CategorySearchTreeFacetData"},"subCategories":[],"__typename":"CategorySearchTreeData"},"__typename":"CategorySearchTreeLevelDataList"},{"categoryCode":"v2HYGBODSOALIQ","categoryData":{"facetData":{"count":43,"name":"Vloeibaar","nameNonLocalized":"Liquid","query":{"query":{"value":":relevance:facetCategories:v2HYGBODSOALIQ%7Cv2HYGBODSOA%7Cv2HYGBOD%7Cv2HYG","__typename":"InternalPageQuery"},"url":"/nl-be/shop/search?q=%3Arelevance%3AfacetCategories%3Av2HYGBODSOALIQ%257Cv2HYGBODSOA%257Cv2HYGBOD%257Cv2HYG","__typename":"PageQuery"},"selected":false,"__typename":"CategorySearchTreeFacetData"},"subCategories":[],"__typename":"CategorySearchTreeData"},"__typename":"CategorySearchTreeLevelDataList"},{"categoryCode":"v2WINBUBCHAWHI","categoryData":{"facetData":{"count":43,"name":"Wit","nameNonLocalized":"White","query":{"query":{"value":":relevance:facetCategories:v2WINBUBCHAWHI%7Cv2WINBUBCHA%7Cv2WINBUB%7Cv2WIN","__typename":"InternalPageQuery"},"url":"/nl-be/shop/search?q=%3Arelevance%3AfacetCategories%3Av2WINBUBCHAWHI%257Cv2WINBUBCHA%257Cv2WINBUB%257Cv2WIN","__typename":"PageQuery"},"selected":false,"__typename":"CategorySearchTreeFacetData"},"subCategories":[],"__typename":"CategorySearchTreeData"},"__typename":"CategorySearchTreeLevelDataList"},{"categoryCode":"v2BIOISBIOHYGNAT","categoryData":{"facetData":{"count":42,"name":"Natural cosmetic","nameNonLocalized":"Natural cosmetics","query":{"query":{"value":":relevance:facetCategories:v2BIOISBIOHYGNAT%7Cv2BIOISBIOHYG%7Cv2BIOISBIO%7Cv2BIO","__typename":"InternalPageQuery"},"url":"/nl-be/shop/search?q=%3Arelevance%3AfacetCategories%3Av2BIOISBIOHYGNAT%257Cv2BIOISBIOHYG%257Cv2BIOISBIO%257Cv2BIO","__typename":"PageQuery"},"selected":false,"__typename":"CategorySearchTreeFacetData"},"subCategories":[],"__typename":"CategorySearchTreeData"},"__typename":"CategorySearchTreeLevelDataList"},{"categoryCode":"v2SWEBRESPRHON","categoryData":{"facetData":{"count":42,"name":"Honing en stroop","nameNonLocalized":"Honey and syrups","query":{"query":{"value":":relevance:facetCategories:v2SWEBRESPRHON%7Cv2SWEBRESPR%7Cv2SWEBRE%7Cv2SWE","__typename":"InternalPageQuery"},"url":"/nl-be/shop/search?q=%3Arelevance%3AfacetCategories%3Av2SWEBRESPRHON%257Cv2SWEBRESPR%257Cv2SWEBRE%257Cv2SWE","__typename":"PageQuery"},"selected":false,"__typename":"CategorySearchTreeFacetData"},"subCategories":[],"__typename":"CategorySearchTreeData"},"__typename":"CategorySearchTreeLevelDataList"},{"categoryCode":"v2BIOISBIOBABSNA","categoryData":{"facetData":{"count":41,"name":"Snacks baby","nameNonLocalized":"Snacks baby","query":{"query":{"value":":relevance:facetCategories:v2BIOISBIOBABSNA%7Cv2BIOISBIOBAB%7Cv2BIOISBIO%7Cv2BIO","__typename":"InternalPageQuery"},"url":"/nl-be/shop/search?q=%3Arelevance%3AfacetCategories%3Av2BIOISBIOBABSNA%257Cv2BIOISBIOBAB%257Cv2BIOISBIO%257Cv2BIO","__typename":"PageQuery"},"selected":false,"__typename":"CategorySearchTreeFacetData"},"subCategories":[],"__typename":"CategorySearchTreeData"},"__typename":"CategorySearchTreeLevelDataList"},{"categoryCode":"v2BIOISBIOBABMEA","categoryData":{"facetData":{"count":40,"name":"Maaltijden baby","nameNonLocalized":"Meals baby","query":{"query":{"value":":relevance:facetCategories:v2BIOISBIOBABMEA%7Cv2BIOISBIOBAB%7Cv2BIOISBIO%7Cv2BIO","__typename":"InternalPageQuery"},"url":"/nl-be/shop/search?q=%3Arelevance%3AfacetCategories%3Av2BIOISBIOBABMEA%257Cv2BIOISBIOBAB%257Cv2BIOISBIO%257Cv2BIO","__typename":"PageQuery"},"selected":false,"__typename":"CategorySearchTreeFacetData"},"subCategories":[],"__typename":"CategorySearchTreeData"},"__typename":"CategorySearchTreeLevelDataList"},{"categoryCode":"v2CLELAULAUTAB","categoryData":{"facetData":{"count":40,"name":"Wascapsule","nameNonLocalized":"Pre-dosed","query":{"query":{"value":":relevance:facetCategories:v2CLELAULAUTAB%7Cv2CLELAULAU%7Cv2CLELAU%7Cv2CLE","__typename":"InternalPageQuery"},"url":"/nl-be/shop/search?q=%3Arelevance%3AfacetCategories%3Av2CLELAULAUTAB%257Cv2CLELAULAU%257Cv2CLELAU%257Cv2CLE","__typename":"PageQuery"},"selected":false,"__typename":"CategorySearchTreeFacetData"},"subCategories":[],"__typename":"CategorySearchTreeData"},"__typename":"CategorySearchTreeLevelDataList"},{"categoryCode":"v2HYGDENBRUMAN","categoryData":{"facetData":{"count":39,"name":"Handmatig","nameNonLocalized":"Manual","query":{"query":{"value":":relevance:facetCategories:v2HYGDENBRUMAN%7Cv2HYGDENBRU%7Cv2HYGDEN%7Cv2HYG","__typename":"InternalPageQuery"},"url":"/nl-be/shop/search?q=%3Arelevance%3AfacetCategories%3Av2HYGDENBRUMAN%257Cv2HYGDENBRU%257Cv2HYGDEN%257Cv2HYG","__typename":"PageQuery"},"selected":false,"__typename":"CategorySearchTreeFacetData"},"subCategories":[],"__typename":"CategorySearchTreeData"},"__typename":"CategorySearchTreeLevelDataList"},{"categoryCode":"v2SWEBRECERGRA","categoryData":{"facetData":{"count":39,"name":"Granola en Muesli","nameNonLocalized":"Granola and Muesli","query":{"query":{"value":":relevance:facetCategories:v2SWEBRECERGRA%7Cv2SWEBRECER%7Cv2SWEBRE%7Cv2SWE","__typename":"InternalPageQuery"},"url":"/nl-be/shop/search?q=%3Arelevance%3AfacetCategories%3Av2SWEBRECERGRA%257Cv2SWEBRECER%257Cv2SWEBRE%257Cv2SWE","__typename":"PageQuery"},"selected":false,"__typename":"CategorySearchTreeFacetData"},"subCategories":[],"__typename":"CategorySearchTreeData"},"__typename":"CategorySearchTreeLevelDataList"},{"categoryCode":"v2PETDOGSNABIS","categoryData":{"facetData":{"count":38,"name":"Snacks en koekjes","nameNonLocalized":"Snack and biscuits","query":{"query":{"value":":relevance:facetCategories:v2PETDOGSNABIS%7Cv2PETDOGSNA%7Cv2PETDOG%7Cv2PET","__typename":"InternalPageQuery"},"url":"/nl-be/shop/search?q=%3Arelevance%3AfacetCategories%3Av2PETDOGSNABIS%257Cv2PETDOGSNA%257Cv2PETDOG%257Cv2PET","__typename":"PageQuery"},"selected":false,"__typename":"CategorySearchTreeFacetData"},"subCategories":[],"__typename":"CategorySearchTreeData"},"__typename":"CategorySearchTreeLevelDataList"},{"categoryCode":"v2SALSPIHERGRO","categoryData":{"facetData":{"count":38,"name":"Gemalen","nameNonLocalized":"Ground","query":{"query":{"value":":relevance:facetCategories:v2SALSPIHERGRO%7Cv2SALSPIHER%7Cv2SALSPI%7Cv2SAL","__typename":"InternalPageQuery"},"url":"/nl-be/shop/search?q=%3Arelevance%3AfacetCategories%3Av2SALSPIHERGRO%257Cv2SALSPIHER%257Cv2SALSPI%257Cv2SAL","__typename":"PageQuery"},"selected":false,"__typename":"CategorySearchTreeFacetData"},"subCategories":[],"__typename":"CategorySearchTreeData"},"__typename":"CategorySearchTreeLevelDataList"},{"categoryCode":"v2SWEBRECERKID","categoryData":{"facetData":{"count":38,"name":"Ontbijtgranen kinderen","nameNonLocalized":"Kids cereals","query":{"query":{"value":":relevance:facetCategories:v2SWEBRECERKID%7Cv2SWEBRECER%7Cv2SWEBRE%7Cv2SWE","__typename":"InternalPageQuery"},"url":"/nl-be/shop/search?q=%3Arelevance%3AfacetCategories%3Av2SWEBRECERKID%257Cv2SWEBRECER%257Cv2SWEBRE%257Cv2SWE","__typename":"PageQuery"},"selected":false,"__typename":"CategorySearchTreeFacetData"},"subCategories":[],"__typename":"CategorySearchTreeData"},"__typename":"CategorySearchTreeLevelDataList"},{"categoryCode":"v2CANVEGTOMPUL","categoryData":{"facetData":{"count":37,"name":"Pulp en passata van tomaat in conserve","nameNonLocalized":"Pulp and passata","query":{"query":{"value":":relevance:facetCategories:v2CANVEGTOMPUL%7Cv2CANVEGTOM%7Cv2CANVEG%7Cv2CAN","__typename":"InternalPageQuery"},"url":"/nl-be/shop/search?q=%3Arelevance%3AfacetCategories%3Av2CANVEGTOMPUL%257Cv2CANVEGTOM%257Cv2CANVEG%257Cv2CAN","__typename":"PageQuery"},"selected":false,"__typename":"CategorySearchTreeFacetData"},"subCategories":[],"__typename":"CategorySearchTreeData"},"__typename":"CategorySearchTreeLevelDataList"},{"categoryCode":"v2DRIALCCOCMIX","categoryData":{"facetData":{"count":37,"name":"Mixers","nameNonLocalized":"Mixers","query":{"query":{"value":":relevance:facetCategories:v2DRIALCCOCMIX%7Cv2DRIALCCOC%7Cv2DRIALC%7Cv2DRI","__typename":"InternalPageQuery"},"url":"/nl-be/shop/search?q=%3Arelevance%3AfacetCategories%3Av2DRIALCCOCMIX%257Cv2DRIALCCOC%257Cv2DRIALC%257Cv2DRI","__typename":"PageQuery"},"selected":false,"__typename":"CategorySearchTreeFacetData"},"subCategories":[],"__typename":"CategorySearchTreeData"},"__typename":"CategorySearchTreeLevelDataList"},{"categoryCode":"v2HYGFACCLELOT","categoryData":{"facetData":{"count":37,"name":"Lotions en tonic","nameNonLocalized":"Lotions and tonic","query":{"query":{"value":":relevance:facetCategories:v2HYGFACCLELOT%7Cv2HYGFACCLE%7Cv2HYGFAC%7Cv2HYG","__typename":"InternalPageQuery"},"url":"/nl-be/shop/search?q=%3Arelevance%3AfacetCategories%3Av2HYGFACCLELOT%257Cv2HYGFACCLE%257Cv2HYGFAC%257Cv2HYG","__typename":"PageQuery"},"selected":false,"__typename":"CategorySearchTreeFacetData"},"subCategories":[],"__typename":"CategorySearchTreeData"},"__typename":"CategorySearchTreeLevelDataList"},{"categoryCode":"v2BIOISBIOSWECHO","categoryData":{"facetData":{"count":36,"name":"Chocolade","nameNonLocalized":"Chocolate","query":{"query":{"value":":relevance:facetCategories:v2BIOISBIOSWECHO%7Cv2BIOISBIOSWE%7Cv2BIOISBIO%7Cv2BIO","__typename":"InternalPageQuery"},"url":"/nl-be/shop/search?q=%3Arelevance%3AfacetCategories%3Av2BIOISBIOSWECHO%257Cv2BIOISBIOSWE%257Cv2BIOISBIO%257Cv2BIO","__typename":"PageQuery"},"selected":false,"__typename":"CategorySearchTreeFacetData"},"subCategories":[],"__typename":"CategorySearchTreeData"},"__typename":"CategorySearchTreeLevelDataList"},{"categoryCode":"v2DRIHOTCOFPAD","categoryData":{"facetData":{"count":36,"name":"Pads","nameNonLocalized":"Pads","query":{"query":{"value":":relevance:facetCategories:v2DRIHOTCOFPAD%7Cv2DRIHOTCOF%7Cv2DRIHOT%7Cv2DRI","__typename":"InternalPageQuery"},"url":"/nl-be/shop/search?q=%3Arelevance%3AfacetCategories%3Av2DRIHOTCOFPAD%257Cv2DRIHOTCOF%257Cv2DRIHOT%257Cv2DRI","__typename":"PageQuery"},"selected":false,"__typename":"CategorySearchTreeFacetData"},"subCategories":[],"__typename":"CategorySearchTreeData"},"__typename":"CategorySearchTreeLevelDataList"},{"categoryCode":"v2SWEBRECOFPAD","categoryData":{"facetData":{"count":36,"name":"Pads","nameNonLocalized":"Pads","query":{"query":{"value":":relevance:facetCategories:v2SWEBRECOFPAD%7Cv2SWEBRECOF%7Cv2SWEBRE%7Cv2SWE","__typename":"InternalPageQuery"},"url":"/nl-be/shop/search?q=%3Arelevance%3AfacetCategories%3Av2SWEBRECOFPAD%257Cv2SWEBRECOF%257Cv2SWEBRE%257Cv2SWE","__typename":"PageQuery"},"selected":false,"__typename":"CategorySearchTreeFacetData"},"subCategories":[],"__typename":"CategorySearchTreeData"},"__typename":"CategorySearchTreeLevelDataList"},{"categoryCode":"v2DRISOFSPALEM","categoryData":{"facetData":{"count":35,"name":"Citroen","nameNonLocalized":"Lemon flavored sparkling sodas","query":{"query":{"value":":relevance:facetCategories:v2DRISOFSPALEM%7Cv2DRISOFSPA%7Cv2DRISOF%7Cv2DRI","__typename":"InternalPageQuery"},"url":"/nl-be/shop/search?q=%3Arelevance%3AfacetCategories%3Av2DRISOFSPALEM%257Cv2DRISOFSPA%257Cv2DRISOF%257Cv2DRI","__typename":"PageQuery"},"selected":false,"__typename":"CategorySearchTreeFacetData"},"subCategories":[],"__typename":"CategorySearchTreeData"},"__typename":"CategorySearchTreeLevelDataList"},{"categoryCode":"v2DRISOFSPOENE","categoryData":{"facetData":{"count":35,"name":"Energiedrank","nameNonLocalized":"Energy drinks","query":{"query":{"value":":relevance:facetCategories:v2DRISOFSPOENE%7Cv2DRISOFSPO%7Cv2DRISOF%7Cv2DRI","__typename":"InternalPageQuery"},"url":"/nl-be/shop/search?q=%3Arelevance%3AfacetCategories%3Av2DRISOFSPOENE%257Cv2DRISOFSPO%257Cv2DRISOF%257Cv2DRI","__typename":"PageQuery"},"selected":false,"__typename":"CategorySearchTreeFacetData"},"subCategories":[],"__typename":"CategorySearchTreeData"},"__typename":"CategorySearchTreeLevelDataList"},{"categoryCode":"v2HYGBODBODMEN","categoryData":{"facetData":{"count":35,"name":"Mannen douche","nameNonLocalized":"Shower men","query":{"query":{"value":":relevance:facetCategories:v2HYGBODBODMEN%7Cv2HYGBODBOD%7Cv2HYGBOD%7Cv2HYG","__typename":"InternalPageQuery"},"url":"/nl-be/shop/search?q=%3Arelevance%3AfacetCategories%3Av2HYGBODBODMEN%257Cv2HYGBODBOD%257Cv2HYGBOD%257Cv2HYG","__typename":"PageQuery"},"selected":false,"__typename":"CategorySearchTreeFacetData"},"subCategories":[],"__typename":"CategorySearchTreeData"},"__typename":"CategorySearchTreeLevelDataList"},{"categoryCode":"v2MEADELCOOPOR","categoryData":{"facetData":{"count":35,"name":"Gekookt varkensvlees","nameNonLocalized":"Pork","query":{"query":{"value":":relevance:facetCategories:v2MEADELCOOPOR%7Cv2MEADELCOO%7Cv2MEADEL%7Cv2MEA","__typename":"InternalPageQuery"},"url":"/nl-be/shop/search?q=%3Arelevance%3AfacetCategories%3Av2MEADELCOOPOR%257Cv2MEADELCOO%257Cv2MEADEL%257Cv2MEA","__typename":"PageQuery"},"selected":false,"__typename":"CategorySearchTreeFacetData"},"subCategories":[],"__typename":"CategorySearchTreeData"},"__typename":"CategorySearchTreeLevelDataList"},{"categoryCode":"v2MEAPOUCHIPRE","categoryData":{"facetData":{"count":35,"name":"Bereidingen van kip","nameNonLocalized":"Chicken preparations","query":{"query":{"value":":relevance:facetCategories:v2MEAPOUCHIPRE%7Cv2MEAPOUCHI%7Cv2MEAPOU%7Cv2MEA","__typename":"InternalPageQuery"},"url":"/nl-be/shop/search?q=%3Arelevance%3AfacetCategories%3Av2MEAPOUCHIPRE%257Cv2MEAPOUCHI%257Cv2MEAPOU%257Cv2MEA","__typename":"PageQuery"},"selected":false,"__typename":"CategorySearchTreeFacetData"},"subCategories":[],"__typename":"CategorySearchTreeData"},"__typename":"CategorySearchTreeLevelDataList"},{"categoryCode":"v2BIOISBIOMEAVEG","categoryData":{"facetData":{"count":34,"name":"Vegetarisch","nameNonLocalized":"Vegetarian","query":{"query":{"value":":relevance:facetCategories:v2BIOISBIOMEAVEG%7Cv2BIOISBIOMEA%7Cv2BIOISBIO%7Cv2BIO","__typename":"InternalPageQuery"},"url":"/nl-be/shop/search?q=%3Arelevance%3AfacetCategories%3Av2BIOISBIOMEAVEG%257Cv2BIOISBIOMEA%257Cv2BIOISBIO%257Cv2BIO","__typename":"PageQuery"},"selected":false,"__typename":"CategorySearchTreeFacetData"},"subCategories":[],"__typename":"CategorySearchTreeData"},"__typename":"CategorySearchTreeLevelDataList"},{"categoryCode":"v2BIOISBIOSALSAU","categoryData":{"facetData":{"count":34,"name":"Sauzen","nameNonLocalized":"Sauces","query":{"query":{"value":":relevance:facetCategories:v2BIOISBIOSALSAU%7Cv2BIOISBIOSAL%7Cv2BIOISBIO%7Cv2BIO","__typename":"InternalPageQuery"},"url":"/nl-be/shop/search?q=%3Arelevance%3AfacetCategories%3Av2BIOISBIOSALSAU%257Cv2BIOISBIOSAL%257Cv2BIOISBIO%257Cv2BIO","__typename":"PageQuery"},"selected":false,"__typename":"CategorySearchTreeFacetData"},"subCategories":[],"__typename":"CategorySearchTreeData"},"__typename":"CategorySearchTreeLevelDataList"},{"categoryCode":"v2MEADELHAMOTH","categoryData":{"facetData":{"count":34,"name":"Klassieke ham","nameNonLocalized":"Classic","query":{"query":{"value":":relevance:facetCategories:v2MEADELHAMOTH%7Cv2MEADELHAM%7Cv2MEADEL%7Cv2MEA","__typename":"InternalPageQuery"},"url":"/nl-be/shop/search?q=%3Arelevance%3AfacetCategories%3Av2MEADELHAMOTH%257Cv2MEADELHAM%257Cv2MEADEL%257Cv2MEA","__typename":"PageQuery"},"selected":false,"__typename":"CategorySearchTreeFacetData"},"subCategories":[],"__typename":"CategorySearchTreeData"},"__typename":"CategorySearchTreeLevelDataList"},{"categoryCode":"v2MEADELSAUBEL","categoryData":{"facetData":{"count":34,"name":"Belgische worsten","nameNonLocalized":"Belgium","query":{"query":{"value":":relevance:facetCategories:v2MEADELSAUBEL%7Cv2MEADELSAU%7Cv2MEADEL%7Cv2MEA","__typename":"InternalPageQuery"},"url":"/nl-be/shop/search?q=%3Arelevance%3AfacetCategories%3Av2MEADELSAUBEL%257Cv2MEADELSAU%257Cv2MEADEL%257Cv2MEA","__typename":"PageQuery"},"selected":false,"__typename":"CategorySearchTreeFacetData"},"subCategories":[],"__typename":"CategorySearchTreeData"},"__typename":"CategorySearchTreeLevelDataList"},{"categoryCode":"v2BIOISBIOWINRED","categoryData":{"facetData":{"count":33,"name":"Rode wijn","nameNonLocalized":"Red wine","query":{"query":{"value":":relevance:facetCategories:v2BIOISBIOWINRED%7Cv2BIOISBIOWIN%7Cv2BIOISBIO%7Cv2BIO","__typename":"InternalPageQuery"},"url":"/nl-be/shop/search?q=%3Arelevance%3AfacetCategories%3Av2BIOISBIOWINRED%257Cv2BIOISBIOWIN%257Cv2BIOISBIO%257Cv2BIO","__typename":"PageQuery"},"selected":false,"__typename":"CategorySearchTreeFacetData"},"subCategories":[],"__typename":"CategorySearchTreeData"},"__typename":"CategorySearchTreeLevelDataList"},{"categoryCode":"v2CLETOICLEGEL","categoryData":{"facetData":{"count":33,"name":"WC Gel","nameNonLocalized":"WC Gel","query":{"query":{"value":":relevance:facetCategories:v2CLETOICLEGEL%7Cv2CLETOICLE%7Cv2CLETOI%7Cv2CLE","__typename":"InternalPageQuery"},"url":"/nl-be/shop/search?q=%3Arelevance%3AfacetCategories%3Av2CLETOICLEGEL%257Cv2CLETOICLE%257Cv2CLETOI%257Cv2CLE","__typename":"PageQuery"},"selected":false,"__typename":"CategorySearchTreeFacetData"},"subCategories":[],"__typename":"CategorySearchTreeData"},"__typename":"CategorySearchTreeLevelDataList"},{"categoryCode":"v2DRISOFSPAMUL","categoryData":{"facetData":{"count":33,"name":"Multi-fruit bruisende frisdranken","nameNonLocalized":"Multi-fruit sparkling sodas","query":{"query":{"value":":relevance:facetCategories:v2DRISOFSPAMUL%7Cv2DRISOFSPA%7Cv2DRISOF%7Cv2DRI","__typename":"InternalPageQuery"},"url":"/nl-be/shop/search?q=%3Arelevance%3AfacetCategories%3Av2DRISOFSPAMUL%257Cv2DRISOFSPA%257Cv2DRISOF%257Cv2DRI","__typename":"PageQuery"},"selected":false,"__typename":"CategorySearchTreeFacetData"},"subCategories":[],"__typename":"CategorySearchTreeData"},"__typename":"CategorySearchTreeLevelDataList"},{"categoryCode":"v2SWEBISSPENOG","categoryData":{"facetData":{"count":33,"name":"Zonder gluten","nameNonLocalized":"Gluten free","query":{"query":{"value":":relevance:facetCategories:v2SWEBISSPENOG%7Cv2SWEBISSPE%7Cv2SWEBIS%7Cv2SWE","__typename":"InternalPageQuery"},"url":"/nl-be/shop/search?q=%3Arelevance%3AfacetCategories%3Av2SWEBISSPENOG%257Cv2SWEBISSPE%257Cv2SWEBIS%257Cv2SWE","__typename":"PageQuery"},"selected":false,"__typename":"CategorySearchTreeFacetData"},"subCategories":[],"__typename":"CategorySearchTreeData"},"__typename":"CategorySearchTreeLevelDataList"},{"categoryCode":"v2SWECHOCANMUL","categoryData":{"facetData":{"count":33,"name":"Multi pack","nameNonLocalized":"Multi pack","query":{"query":{"value":":relevance:facetCategories:v2SWECHOCANMUL%7Cv2SWECHOCAN%7Cv2SWECHO%7Cv2SWE","__typename":"InternalPageQuery"},"url":"/nl-be/shop/search?q=%3Arelevance%3AfacetCategories%3Av2SWECHOCANMUL%257Cv2SWECHOCAN%257Cv2SWECHO%257Cv2SWE","__typename":"PageQuery"},"selected":false,"__typename":"CategorySearchTreeFacetData"},"subCategories":[],"__typename":"CategorySearchTreeData"},"__typename":"CategorySearchTreeLevelDataList"},{"categoryCode":"v2DRIALCCOCFRE","categoryData":{"facetData":{"count":32,"name":"Alcoholvrije dranken","nameNonLocalized":"Non-alcoholic spirits","query":{"query":{"value":":relevance:facetCategories:v2DRIALCCOCFRE%7Cv2DRIALCCOC%7Cv2DRIALC%7Cv2DRI","__typename":"InternalPageQuery"},"url":"/nl-be/shop/search?q=%3Arelevance%3AfacetCategories%3Av2DRIALCCOCFRE%257Cv2DRIALCCOC%257Cv2DRIALC%257Cv2DRI","__typename":"PageQuery"},"selected":false,"__typename":"CategorySearchTreeFacetData"},"subCategories":[],"__typename":"CategorySearchTreeData"},"__typename":"CategorySearchTreeLevelDataList"},{"categoryCode":"v2DRISOFSTIMUL","categoryData":{"facetData":{"count":30,"name":"Multri-fruit niet-bruisende frisdranken","nameNonLocalized":"Multi-fruit non-sparkling sodas","query":{"query":{"value":":relevance:facetCategories:v2DRISOFSTIMUL%7Cv2DRISOFSTI%7Cv2DRISOF%7Cv2DRI","__typename":"InternalPageQuery"},"url":"/nl-be/shop/search?q=%3Arelevance%3AfacetCategories%3Av2DRISOFSTIMUL%257Cv2DRISOFSTI%257Cv2DRISOF%257Cv2DRI","__typename":"PageQuery"},"selected":false,"__typename":"CategorySearchTreeFacetData"},"subCategories":[],"__typename":"CategorySearchTreeData"},"__typename":"CategorySearchTreeLevelDataList"},{"categoryCode":"v2HYGMAKMAKLIP","categoryData":{"facetData":{"count":30,"name":"Lippen","nameNonLocalized":"Lips","query":{"query":{"value":":relevance:facetCategories:v2HYGMAKMAKLIP%7Cv2HYGMAKMAK%7Cv2HYGMAK%7Cv2HYG","__typename":"InternalPageQuery"},"url":"/nl-be/shop/search?q=%3Arelevance%3AfacetCategories%3Av2HYGMAKMAKLIP%257Cv2HYGMAKMAK%257Cv2HYGMAK%257Cv2HYG","__typename":"PageQuery"},"selected":false,"__typename":"CategorySearchTreeFacetData"},"subCategories":[],"__typename":"CategorySearchTreeData"},"__typename":"CategorySearchTreeLevelDataList"},{"categoryCode":"v2SALAPESALCRA","categoryData":{"facetData":{"count":30,"name":"Crackers en creppies","nameNonLocalized":"Crackers and creppies","query":{"query":{"value":":relevance:facetCategories:v2SALAPESALCRA%7Cv2SALAPESAL%7Cv2SALAPE%7Cv2SAL","__typename":"InternalPageQuery"},"url":"/nl-be/shop/search?q=%3Arelevance%3AfacetCategories%3Av2SALAPESALCRA%257Cv2SALAPESAL%257Cv2SALAPE%257Cv2SAL","__typename":"PageQuery"},"selected":false,"__typename":"CategorySearchTreeFacetData"},"subCategories":[],"__typename":"CategorySearchTreeData"},"__typename":"CategorySearchTreeLevelDataList"},{"categoryCode":"v2FRUDRYNUTBAS","categoryData":{"facetData":{"count":29,"name":"Basis","nameNonLocalized":"Basic","query":{"query":{"value":":relevance:facetCategories:v2FRUDRYNUTBAS%7Cv2FRUDRYNUT%7Cv2FRUDRY%7Cv2FRU","__typename":"InternalPageQuery"},"url":"/nl-be/shop/search?q=%3Arelevance%3AfacetCategories%3Av2FRUDRYNUTBAS%257Cv2FRUDRYNUT%257Cv2FRUDRY%257Cv2FRU","__typename":"PageQuery"},"selected":false,"__typename":"CategorySearchTreeFacetData"},"subCategories":[],"__typename":"CategorySearchTreeData"},"__typename":"CategorySearchTreeLevelDataList"},{"categoryCode":"v2HYGINTTISWIN","categoryData":{"facetData":{"count":29,"name":"Zonder vleugels","nameNonLocalized":"Without wings","query":{"query":{"value":":relevance:facetCategories:v2HYGINTTISWIN%7Cv2HYGINTTIS%7Cv2HYGINT%7Cv2HYG","__typename":"InternalPageQuery"},"url":"/nl-be/shop/search?q=%3Arelevance%3AfacetCategories%3Av2HYGINTTISWIN%257Cv2HYGINTTIS%257Cv2HYGINT%257Cv2HYG","__typename":"PageQuery"},"selected":false,"__typename":"CategorySearchTreeFacetData"},"subCategories":[],"__typename":"CategorySearchTreeData"},"__typename":"CategorySearchTreeLevelDataList"},{"categoryCode":"v2CANFRUCOMAPP","categoryData":{"facetData":{"count":28,"name":"Appelmoes","nameNonLocalized":"Apples in compote","query":{"query":{"value":":relevance:facetCategories:v2CANFRUCOMAPP%7Cv2CANFRUCOM%7Cv2CANFRU%7Cv2CAN","__typename":"InternalPageQuery"},"url":"/nl-be/shop/search?q=%3Arelevance%3AfacetCategories%3Av2CANFRUCOMAPP%257Cv2CANFRUCOM%257Cv2CANFRU%257Cv2CAN","__typename":"PageQuery"},"selected":false,"__typename":"CategorySearchTreeFacetData"},"subCategories":[],"__typename":"CategorySearchTreeData"},"__typename":"CategorySearchTreeLevelDataList"},{"categoryCode":"v2CANSOUBIGKNO","categoryData":{"facetData":{"count":28,"name":"Knorr","nameNonLocalized":"Knorr","query":{"query":{"value":":relevance:facetCategories:v2CANSOUBIGKNO%7Cv2CANSOUBIG%7Cv2CANSOU%7Cv2CAN","__typename":"InternalPageQuery"},"url":"/nl-be/shop/search?q=%3Arelevance%3AfacetCategories%3Av2CANSOUBIGKNO%257Cv2CANSOUBIG%257Cv2CANSOU%257Cv2CAN","__typename":"PageQuery"},"selected":false,"__typename":"CategorySearchTreeFacetData"},"subCategories":[],"__typename":"CategorySearchTreeData"},"__typename":"CategorySearchTreeLevelDataList"},{"categoryCode":"v2CLELAUTREDET","categoryData":{"facetData":{"count":28,"name":"Vlekverwijderaars","nameNonLocalized":"Stain removers","query":{"query":{"value":":relevance:facetCategories:v2CLELAUTREDET%7Cv2CLELAUTRE%7Cv2CLELAU%7Cv2CLE","__typename":"InternalPageQuery"},"url":"/nl-be/shop/search?q=%3Arelevance%3AfacetCategories%3Av2CLELAUTREDET%257Cv2CLELAUTRE%257Cv2CLELAU%257Cv2CLE","__typename":"PageQuery"},"selected":false,"__typename":"CategorySearchTreeFacetData"},"subCategories":[],"__typename":"CategorySearchTreeData"},"__typename":"CategorySearchTreeLevelDataList"},{"categoryCode":"v2FRUVEGSALREA","categoryData":{"facetData":{"count":28,"name":"Verpakte sla","nameNonLocalized":"Packaged salad","query":{"query":{"value":":relevance:facetCategories:v2FRUVEGSALREA%7Cv2FRUVEGSAL%7Cv2FRUVEG%7Cv2FRU","__typename":"InternalPageQuery"},"url":"/nl-be/shop/search?q=%3Arelevance%3AfacetCategories%3Av2FRUVEGSALREA%257Cv2FRUVEGSAL%257Cv2FRUVEG%257Cv2FRU","__typename":"PageQuery"},"selected":false,"__typename":"CategorySearchTreeFacetData"},"subCategories":[],"__typename":"CategorySearchTreeData"},"__typename":"CategorySearchTreeLevelDataList"},{"categoryCode":"v2HYGFACCARMAS","categoryData":{"facetData":{"count":28,"name":"Gezichtsmasker, ampullen en oliën","nameNonLocalized":"Facial mask, ampoules and oils","query":{"query":{"value":":relevance:facetCategories:v2HYGFACCARMAS%7Cv2HYGFACCAR%7Cv2HYGFAC%7Cv2HYG","__typename":"InternalPageQuery"},"url":"/nl-be/shop/search?q=%3Arelevance%3AfacetCategories%3Av2HYGFACCARMAS%257Cv2HYGFACCAR%257Cv2HYGFAC%257Cv2HYG","__typename":"PageQuery"},"selected":false,"__typename":"CategorySearchTreeFacetData"},"subCategories":[],"__typename":"CategorySearchTreeData"},"__typename":"CategorySearchTreeLevelDataList"},{"categoryCode":"v2MEADELSALPOR","categoryData":{"facetData":{"count":28,"name":"Varkenssalami","nameNonLocalized":"Pork","query":{"query":{"value":":relevance:facetCategories:v2MEADELSALPOR%7Cv2MEADELSAL%7Cv2MEADEL%7Cv2MEA","__typename":"InternalPageQuery"},"url":"/nl-be/shop/search?q=%3Arelevance%3AfacetCategories%3Av2MEADELSALPOR%257Cv2MEADELSAL%257Cv2MEADEL%257Cv2MEA","__typename":"PageQuery"},"selected":false,"__typename":"CategorySearchTreeFacetData"},"subCategories":[],"__typename":"CategorySearchTreeData"},"__typename":"CategorySearchTreeLevelDataList"},{"categoryCode":"v2MEAPOUCHICUT","categoryData":{"facetData":{"count":28,"name":"Versneden kip","nameNonLocalized":"Chicken cutout","query":{"query":{"value":":relevance:facetCategories:v2MEAPOUCHICUT%7Cv2MEAPOUCHI%7Cv2MEAPOU%7Cv2MEA","__typename":"InternalPageQuery"},"url":"/nl-be/shop/search?q=%3Arelevance%3AfacetCategories%3Av2MEAPOUCHICUT%257Cv2MEAPOUCHI%257Cv2MEAPOU%257Cv2MEA","__typename":"PageQuery"},"selected":false,"__typename":"CategorySearchTreeFacetData"},"subCategories":[],"__typename":"CategorySearchTreeData"},"__typename":"CategorySearchTreeLevelDataList"},{"categoryCode":"v2PETDOGDRYMED","categoryData":{"facetData":{"count":28,"name":"Middelgrote en grote honden","nameNonLocalized":"Medium and large dogs","query":{"query":{"value":":relevance:facetCategories:v2PETDOGDRYMED%7Cv2PETDOGDRY%7Cv2PETDOG%7Cv2PET","__typename":"InternalPageQuery"},"url":"/nl-be/shop/search?q=%3Arelevance%3AfacetCategories%3Av2PETDOGDRYMED%257Cv2PETDOGDRY%257Cv2PETDOG%257Cv2PET","__typename":"PageQuery"},"selected":false,"__typename":"CategorySearchTreeFacetData"},"subCategories":[],"__typename":"CategorySearchTreeData"},"__typename":"CategorySearchTreeLevelDataList"},{"categoryCode":"v2SALSOUBIGKNO","categoryData":{"facetData":{"count":28,"name":"Knorr","nameNonLocalized":"Knorr","query":{"query":{"value":":relevance:facetCategories:v2SALSOUBIGKNO%7Cv2SALSOUBIG%7Cv2SALSOU%7Cv2SAL","__typename":"InternalPageQuery"},"url":"/nl-be/shop/search?q=%3Arelevance%3AfacetCategories%3Av2SALSOUBIGKNO%257Cv2SALSOUBIG%257Cv2SALSOU%257Cv2SAL","__typename":"PageQuery"},"selected":false,"__typename":"CategorySearchTreeFacetData"},"subCategories":[],"__typename":"CategorySearchTreeData"},"__typename":"CategorySearchTreeLevelDataList"},{"categoryCode":"v2CANVEGLENBEA","categoryData":{"facetData":{"count":27,"name":"Bonen in conserve","nameNonLocalized":"Canned beans","query":{"query":{"value":":relevance:facetCategories:v2CANVEGLENBEA%7Cv2CANVEGLEN%7Cv2CANVEG%7Cv2CAN","__typename":"InternalPageQuery"},"url":"/nl-be/shop/search?q=%3Arelevance%3AfacetCategories%3Av2CANVEGLENBEA%257Cv2CANVEGLEN%257Cv2CANVEG%257Cv2CAN","__typename":"PageQuery"},"selected":false,"__typename":"CategorySearchTreeFacetData"},"subCategories":[],"__typename":"CategorySearchTreeData"},"__typename":"CategorySearchTreeLevelDataList"},{"categoryCode":"v2WINBUBCAVWHI","categoryData":{"facetData":{"count":27,"name":"Wit","nameNonLocalized":"White","query":{"query":{"value":":relevance:facetCategories:v2WINBUBCAVWHI%7Cv2WINBUBCAV%7Cv2WINBUB%7Cv2WIN","__typename":"InternalPageQuery"},"url":"/nl-be/shop/search?q=%3Arelevance%3AfacetCategories%3Av2WINBUBCAVWHI%257Cv2WINBUBCAV%257Cv2WINBUB%257Cv2WIN","__typename":"PageQuery"},"selected":false,"__typename":"CategorySearchTreeFacetData"},"subCategories":[],"__typename":"CategorySearchTreeData"},"__typename":"CategorySearchTreeLevelDataList"},{"categoryCode":"v2DRIBEEABBBLO","categoryData":{"facetData":{"count":26,"name":"Blond bier","nameNonLocalized":"Blond beers","query":{"query":{"value":":relevance:facetCategories:v2DRIBEEABBBLO%7Cv2DRIBEEABB%7Cv2DRIBEE%7Cv2DRI","__typename":"InternalPageQuery"},"url":"/nl-be/shop/search?q=%3Arelevance%3AfacetCategories%3Av2DRIBEEABBBLO%257Cv2DRIBEEABB%257Cv2DRIBEE%257Cv2DRI","__typename":"PageQuery"},"selected":false,"__typename":"CategorySearchTreeFacetData"},"subCategories":[],"__typename":"CategorySearchTreeData"},"__typename":"CategorySearchTreeLevelDataList"},{"categoryCode":"v2DRISOFCOLZER","categoryData":{"facetData":{"count":26,"name":"Cola zero","nameNonLocalized":"Cola zero","query":{"query":{"value":":relevance:facetCategories:v2DRISOFCOLZER%7Cv2DRISOFCOL%7Cv2DRISOF%7Cv2DRI","__typename":"InternalPageQuery"},"url":"/nl-be/shop/search?q=%3Arelevance%3AfacetCategories%3Av2DRISOFCOLZER%257Cv2DRISOFCOL%257Cv2DRISOF%257Cv2DRI","__typename":"PageQuery"},"selected":false,"__typename":"CategorySearchTreeFacetData"},"subCategories":[],"__typename":"CategorySearchTreeData"},"__typename":"CategorySearchTreeLevelDataList"},{"categoryCode":"v2HYGBODCREMIL","categoryData":{"facetData":{"count":26,"name":"Bodycrème","nameNonLocalized":"Body creams","query":{"query":{"value":":relevance:facetCategories:v2HYGBODCREMIL%7Cv2HYGBODCRE%7Cv2HYGBOD%7Cv2HYG","__typename":"InternalPageQuery"},"url":"/nl-be/shop/search?q=%3Arelevance%3AfacetCategories%3Av2HYGBODCREMIL%257Cv2HYGBODCRE%257Cv2HYGBOD%257Cv2HYG","__typename":"PageQuery"},"selected":false,"__typename":"CategorySearchTreeFacetData"},"subCategories":[],"__typename":"CategorySearchTreeData"},"__typename":"CategorySearchTreeLevelDataList"},{"categoryCode":"v2MEAFISFREOTH","categoryData":{"facetData":{"count":26,"name":"Andere vissen","nameNonLocalized":"Other Fishes","query":{"query":{"value":":relevance:facetCategories:v2MEAFISFREOTH%7Cv2MEAFISFRE%7Cv2MEAFIS%7Cv2MEA","__typename":"InternalPageQuery"},"url":"/nl-be/shop/search?q=%3Arelevance%3AfacetCategories%3Av2MEAFISFREOTH%257Cv2MEAFISFRE%257Cv2MEAFIS%257Cv2MEA","__typename":"PageQuery"},"selected":false,"__typename":"CategorySearchTreeFacetData"},"subCategories":[],"__typename":"CategorySearchTreeData"},"__typename":"CategorySearchTreeLevelDataList"},{"categoryCode":"v2BIOECOCLELAU","categoryData":{"facetData":{"count":25,"name":"Wassen","nameNonLocalized":"Laundry","query":{"query":{"value":":relevance:facetCategories:v2BIOECOCLELAU%7Cv2BIOECOCLE%7Cv2BIOECO%7Cv2BIO","__typename":"InternalPageQuery"},"url":"/nl-be/shop/search?q=%3Arelevance%3AfacetCategories%3Av2BIOECOCLELAU%257Cv2BIOECOCLE%257Cv2BIOECO%257Cv2BIO","__typename":"PageQuery"},"selected":false,"__typename":"CategorySearchTreeFacetData"},"subCategories":[],"__typename":"CategorySearchTreeData"},"__typename":"CategorySearchTreeLevelDataList"},{"categoryCode":"v2BIOISBIOSWEDES","categoryData":{"facetData":{"count":25,"name":"Dessertbereidingen","nameNonLocalized":"Dessert ingredients","query":{"query":{"value":":relevance:facetCategories:v2BIOISBIOSWEDES%7Cv2BIOISBIOSWE%7Cv2BIOISBIO%7Cv2BIO","__typename":"InternalPageQuery"},"url":"/nl-be/shop/search?q=%3Arelevance%3AfacetCategories%3Av2BIOISBIOSWEDES%257Cv2BIOISBIOSWE%257Cv2BIOISBIO%257Cv2BIO","__typename":"PageQuery"},"selected":false,"__typename":"CategorySearchTreeFacetData"},"subCategories":[],"__typename":"CategorySearchTreeData"},"__typename":"CategorySearchTreeLevelDataList"},{"categoryCode":"v2DRIBEELOCLIE","categoryData":{"facetData":{"count":25,"name":"Luik","nameNonLocalized":"Liege","query":{"query":{"value":":relevance:facetCategories:v2DRIBEELOCLIE%7Cv2DRIBEELOC%7Cv2DRIBEE%7Cv2DRI","__typename":"InternalPageQuery"},"url":"/nl-be/shop/search?q=%3Arelevance%3AfacetCategories%3Av2DRIBEELOCLIE%257Cv2DRIBEELOC%257Cv2DRIBEE%257Cv2DRI","__typename":"PageQuery"},"selected":false,"__typename":"CategorySearchTreeFacetData"},"subCategories":[],"__typename":"CategorySearchTreeData"},"__typename":"CategorySearchTreeLevelDataList"},{"categoryCode":"v2HYGBODBODCRE","categoryData":{"facetData":{"count":25,"name":"Douchecrèmes en lotions","nameNonLocalized":"Shower creams and lotions","query":{"query":{"value":":relevance:facetCategories:v2HYGBODBODCRE%7Cv2HYGBODBOD%7Cv2HYGBOD%7Cv2HYG","__typename":"InternalPageQuery"},"url":"/nl-be/shop/search?q=%3Arelevance%3AfacetCategories%3Av2HYGBODBODCRE%257Cv2HYGBODBOD%257Cv2HYGBOD%257Cv2HYG","__typename":"PageQuery"},"selected":false,"__typename":"CategorySearchTreeFacetData"},"subCategories":[],"__typename":"CategorySearchTreeData"},"__typename":"CategorySearchTreeLevelDataList"},{"categoryCode":"v2MEADELCOOCHI","categoryData":{"facetData":{"count":25,"name":"Gekookt kippenvlees","nameNonLocalized":"Chicken","query":{"query":{"value":":relevance:facetCategories:v2MEADELCOOCHI%7Cv2MEADELCOO%7Cv2MEADEL%7Cv2MEA","__typename":"InternalPageQuery"},"url":"/nl-be/shop/search?q=%3Arelevance%3AfacetCategories%3Av2MEADELCOOCHI%257Cv2MEADELCOO%257Cv2MEADEL%257Cv2MEA","__typename":"PageQuery"},"selected":false,"__typename":"CategorySearchTreeFacetData"},"subCategories":[],"__typename":"CategorySearchTreeData"},"__typename":"CategorySearchTreeLevelDataList"},{"categoryCode":"v2MEAFISPRESAL","categoryData":{"facetData":{"count":25,"name":"Zalm","nameNonLocalized":"Salmon","query":{"query":{"value":":relevance:facetCategories:v2MEAFISPRESAL%7Cv2MEAFISPRE%7Cv2MEAFIS%7Cv2MEA","__typename":"InternalPageQuery"},"url":"/nl-be/shop/search?q=%3Arelevance%3AfacetCategories%3Av2MEAFISPRESAL%257Cv2MEAFISPRE%257Cv2MEAFIS%257Cv2MEA","__typename":"PageQuery"},"selected":false,"__typename":"CategorySearchTreeFacetData"},"subCategories":[],"__typename":"CategorySearchTreeData"},"__typename":"CategorySearchTreeLevelDataList"},{"categoryCode":"v2SALPASSNAINS","categoryData":{"facetData":{"count":25,"name":"Instant noedels, pasta en rijst","nameNonLocalized":"Instant noodles, pasta and rice","query":{"query":{"value":":relevance:facetCategories:v2SALPASSNAINS%7Cv2SALPASSNA%7Cv2SALPAS%7Cv2SAL","__typename":"InternalPageQuery"},"url":"/nl-be/shop/search?q=%3Arelevance%3AfacetCategories%3Av2SALPASSNAINS%257Cv2SALPASSNA%257Cv2SALPAS%257Cv2SAL","__typename":"PageQuery"},"selected":false,"__typename":"CategorySearchTreeFacetData"},"subCategories":[],"__typename":"CategorySearchTreeData"},"__typename":"CategorySearchTreeLevelDataList"},{"categoryCode":"v2WINBUBSPAWHI","categoryData":{"facetData":{"count":25,"name":"Wit","nameNonLocalized":"White","query":{"query":{"value":":relevance:facetCategories:v2WINBUBSPAWHI%7Cv2WINBUBSPA%7Cv2WINBUB%7Cv2WIN","__typename":"InternalPageQuery"},"url":"/nl-be/shop/search?q=%3Arelevance%3AfacetCategories%3Av2WINBUBSPAWHI%257Cv2WINBUBSPA%257Cv2WINBUB%257Cv2WIN","__typename":"PageQuery"},"selected":false,"__typename":"CategorySearchTreeFacetData"},"subCategories":[],"__typename":"CategorySearchTreeData"},"__typename":"CategorySearchTreeLevelDataList"},{"categoryCode":"v2BABMEATWESAL","categoryData":{"facetData":{"count":24,"name":"Gezouten maaltijden baby van 12 maanden","nameNonLocalized":"Meals baby 12 months salted","query":{"query":{"value":":relevance:facetCategories:v2BABMEATWESAL%7Cv2BABMEATWE%7Cv2BABMEA%7Cv2BAB","__typename":"InternalPageQuery"},"url":"/nl-be/shop/search?q=%3Arelevance%3AfacetCategories%3Av2BABMEATWESAL%257Cv2BABMEATWE%257Cv2BABMEA%257Cv2BAB","__typename":"PageQuery"},"selected":false,"__typename":"CategorySearchTreeFacetData"},"subCategories":[],"__typename":"CategorySearchTreeData"},"__typename":"CategorySearchTreeLevelDataList"},{"categoryCode":"v2BIOECOCLESUR","categoryData":{"facetData":{"count":24,"name":"Oppervlakken","nameNonLocalized":"Surfaces","query":{"query":{"value":":relevance:facetCategories:v2BIOECOCLESUR%7Cv2BIOECOCLE%7Cv2BIOECO%7Cv2BIO","__typename":"InternalPageQuery"},"url":"/nl-be/shop/search?q=%3Arelevance%3AfacetCategories%3Av2BIOECOCLESUR%257Cv2BIOECOCLE%257Cv2BIOECO%257Cv2BIO","__typename":"PageQuery"},"selected":false,"__typename":"CategorySearchTreeFacetData"},"subCategories":[],"__typename":"CategorySearchTreeData"},"__typename":"CategorySearchTreeLevelDataList"},{"categoryCode":"v2BIOISBIODAICHE","categoryData":{"facetData":{"count":24,"name":"Kazen","nameNonLocalized":"Cheese","query":{"query":{"value":":relevance:facetCategories:v2BIOISBIODAICHE%7Cv2BIOISBIODAI%7Cv2BIOISBIO%7Cv2BIO","__typename":"InternalPageQuery"},"url":"/nl-be/shop/search?q=%3Arelevance%3AfacetCategories%3Av2BIOISBIODAICHE%257Cv2BIOISBIODAI%257Cv2BIOISBIO%257Cv2BIO","__typename":"PageQuery"},"selected":false,"__typename":"CategorySearchTreeFacetData"},"subCategories":[],"__typename":"CategorySearchTreeData"},"__typename":"CategorySearchTreeLevelDataList"},{"categoryCode":"v2BIOISBIOFRUDRY","categoryData":{"facetData":{"count":24,"name":"Gedroogd fruit en noten","nameNonLocalized":"Dried fruits and nuts","query":{"query":{"value":":relevance:facetCategories:v2BIOISBIOFRUDRY%7Cv2BIOISBIOFRU%7Cv2BIOISBIO%7Cv2BIO","__typename":"InternalPageQuery"},"url":"/nl-be/shop/search?q=%3Arelevance%3AfacetCategories%3Av2BIOISBIOFRUDRY%257Cv2BIOISBIOFRU%257Cv2BIOISBIO%257Cv2BIO","__typename":"PageQuery"},"selected":false,"__typename":"CategorySearchTreeFacetData"},"subCategories":[],"__typename":"CategorySearchTreeData"},"__typename":"CategorySearchTreeLevelDataList"},{"categoryCode":"v2BIOISBIOHYGFAC","categoryData":{"facetData":{"count":24,"name":"Gelaatsverzorging","nameNonLocalized":"Face care","query":{"query":{"value":":relevance:facetCategories:v2BIOISBIOHYGFAC%7Cv2BIOISBIOHYG%7Cv2BIOISBIO%7Cv2BIO","__typename":"InternalPageQuery"},"url":"/nl-be/shop/search?q=%3Arelevance%3AfacetCategories%3Av2BIOISBIOHYGFAC%257Cv2BIOISBIOHYG%257Cv2BIOISBIO%257Cv2BIO","__typename":"PageQuery"},"selected":false,"__typename":"CategorySearchTreeFacetData"},"subCategories":[],"__typename":"CategorySearchTreeData"},"__typename":"CategorySearchTreeLevelDataList"},{"categoryCode":"v2HYGBODSHASHA","categoryData":{"facetData":{"count":24,"name":"Was, crèmes, sprays en ontharingsstrips","nameNonLocalized":"Wax, creams, sprays and depilatory strips","query":{"query":{"value":":relevance:facetCategories:v2HYGBODSHASHA%7Cv2HYGBODSHA%7Cv2HYGBOD%7Cv2HYG","__typename":"InternalPageQuery"},"url":"/nl-be/shop/search?q=%3Arelevance%3AfacetCategories%3Av2HYGBODSHASHA%257Cv2HYGBODSHA%257Cv2HYGBOD%257Cv2HYG","__typename":"PageQuery"},"selected":false,"__typename":"CategorySearchTreeFacetData"},"subCategories":[],"__typename":"CategorySearchTreeData"},"__typename":"CategorySearchTreeLevelDataList"},{"categoryCode":"v2MEAVEGSIDBUR","categoryData":{"facetData":{"count":24,"name":"Vegetarische hamburgers en pavés","nameNonLocalized":"Vegetarian burgers, squares and pavers","query":{"query":{"value":":relevance:facetCategories:v2MEAVEGSIDBUR%7Cv2MEAVEGSID%7Cv2MEAVEG%7Cv2MEA","__typename":"InternalPageQuery"},"url":"/nl-be/shop/search?q=%3Arelevance%3AfacetCategories%3Av2MEAVEGSIDBUR%257Cv2MEAVEGSID%257Cv2MEAVEG%257Cv2MEA","__typename":"PageQuery"},"selected":false,"__typename":"CategorySearchTreeFacetData"},"subCategories":[],"__typename":"CategorySearchTreeData"},"__typename":"CategorySearchTreeLevelDataList"},{"categoryCode":"v2PETDOGWETPOU","categoryData":{"facetData":{"count":24,"name":"Schaaltjes en versheidszakjes","nameNonLocalized":"Trays and pouches","query":{"query":{"value":":relevance:facetCategories:v2PETDOGWETPOU%7Cv2PETDOGWET%7Cv2PETDOG%7Cv2PET","__typename":"InternalPageQuery"},"url":"/nl-be/shop/search?q=%3Arelevance%3AfacetCategories%3Av2PETDOGWETPOU%257Cv2PETDOGWET%257Cv2PETDOG%257Cv2PET","__typename":"PageQuery"},"selected":false,"__typename":"CategorySearchTreeFacetData"},"subCategories":[],"__typename":"CategorySearchTreeData"},"__typename":"CategorySearchTreeLevelDataList"},{"categoryCode":"v2SALAPECHISPE","categoryData":{"facetData":{"count":24,"name":"Chips met speciale vorm","nameNonLocalized":"Special Form Chips","query":{"query":{"value":":relevance:facetCategories:v2SALAPECHISPE%7Cv2SALAPECHI%7Cv2SALAPE%7Cv2SAL","__typename":"InternalPageQuery"},"url":"/nl-be/shop/search?q=%3Arelevance%3AfacetCategories%3Av2SALAPECHISPE%257Cv2SALAPECHI%257Cv2SALAPE%257Cv2SAL","__typename":"PageQuery"},"selected":false,"__typename":"CategorySearchTreeFacetData"},"subCategories":[],"__typename":"CategorySearchTreeData"},"__typename":"CategorySearchTreeLevelDataList"},{"categoryCode":"v2SWEBISSPENOS","categoryData":{"facetData":{"count":24,"name":"Zonder suiker","nameNonLocalized":"Sugar free","query":{"query":{"value":":relevance:facetCategories:v2SWEBISSPENOS%7Cv2SWEBISSPE%7Cv2SWEBIS%7Cv2SWE","__typename":"InternalPageQuery"},"url":"/nl-be/shop/search?q=%3Arelevance%3AfacetCategories%3Av2SWEBISSPENOS%257Cv2SWEBISSPE%257Cv2SWEBIS%257Cv2SWE","__typename":"PageQuery"},"selected":false,"__typename":"CategorySearchTreeFacetData"},"subCategories":[],"__typename":"CategorySearchTreeData"},"__typename":"CategorySearchTreeLevelDataList"},{"categoryCode":"v2WINEXCWHIAUT","categoryData":{"facetData":{"count":24,"name":"Frankrijk - Andere regio's","nameNonLocalized":"France - Other regions","query":{"query":{"value":":relevance:facetCategories:v2WINEXCWHIAUT%7Cv2WINEXCWHI%7Cv2WINEXC%7Cv2WIN","__typename":"InternalPageQuery"},"url":"/nl-be/shop/search?q=%3Arelevance%3AfacetCategories%3Av2WINEXCWHIAUT%257Cv2WINEXCWHI%257Cv2WINEXC%257Cv2WIN","__typename":"PageQuery"},"selected":false,"__typename":"CategorySearchTreeFacetData"},"subCategories":[],"__typename":"CategorySearchTreeData"},"__typename":"CategorySearchTreeLevelDataList"},{"categoryCode":"v2WINWHIEXCAUT","categoryData":{"facetData":{"count":24,"name":"Frankrijk - Andere regio's","nameNonLocalized":"France - Other regions","query":{"query":{"value":":relevance:facetCategories:v2WINWHIEXCAUT%7Cv2WINWHIEXC%7Cv2WINWHI%7Cv2WIN","__typename":"InternalPageQuery"},"url":"/nl-be/shop/search?q=%3Arelevance%3AfacetCategories%3Av2WINWHIEXCAUT%257Cv2WINWHIEXC%257Cv2WINWHI%257Cv2WIN","__typename":"PageQuery"},"selected":false,"__typename":"CategorySearchTreeFacetData"},"subCategories":[],"__typename":"CategorySearchTreeData"},"__typename":"CategorySearchTreeLevelDataList"},{"categoryCode":"v2BIOISBIOWINBUB","categoryData":{"facetData":{"count":23,"name":"Bubbels","nameNonLocalized":"Bubbles","query":{"query":{"value":":relevance:facetCategories:v2BIOISBIOWINBUB%7Cv2BIOISBIOWIN%7Cv2BIOISBIO%7Cv2BIO","__typename":"InternalPageQuery"},"url":"/nl-be/shop/search?q=%3Arelevance%3AfacetCategories%3Av2BIOISBIOWINBUB%257Cv2BIOISBIOWIN%257Cv2BIOISBIO%257Cv2BIO","__typename":"PageQuery"},"selected":false,"__typename":"CategorySearchTreeFacetData"},"subCategories":[],"__typename":"CategorySearchTreeData"},"__typename":"CategorySearchTreeLevelDataList"},{"categoryCode":"v2CANSOUBIGLIE","categoryData":{"facetData":{"count":23,"name":"Liebig","nameNonLocalized":"Liebig","query":{"query":{"value":":relevance:facetCategories:v2CANSOUBIGLIE%7Cv2CANSOUBIG%7Cv2CANSOU%7Cv2CAN","__typename":"InternalPageQuery"},"url":"/nl-be/shop/search?q=%3Arelevance%3AfacetCategories%3Av2CANSOUBIGLIE%257Cv2CANSOUBIG%257Cv2CANSOU%257Cv2CAN","__typename":"PageQuery"},"selected":false,"__typename":"CategorySearchTreeFacetData"},"subCategories":[],"__typename":"CategorySearchTreeData"},"__typename":"CategorySearchTreeLevelDataList"},{"categoryCode":"v2FROPRECOUNON","categoryData":{"facetData":{"count":23,"name":"Non vegetarisch","nameNonLocalized":"Non vegetarian","query":{"query":{"value":":relevance:facetCategories:v2FROPRECOUNON%7Cv2FROPRECOU%7Cv2FROPRE%7Cv2FRO","__typename":"InternalPageQuery"},"url":"/nl-be/shop/search?q=%3Arelevance%3AfacetCategories%3Av2FROPRECOUNON%257Cv2FROPRECOU%257Cv2FROPRE%257Cv2FRO","__typename":"PageQuery"},"selected":false,"__typename":"CategorySearchTreeFacetData"},"subCategories":[],"__typename":"CategorySearchTreeData"},"__typename":"CategorySearchTreeLevelDataList"},{"categoryCode":"v2HYGHAICOLNON","categoryData":{"facetData":{"count":23,"name":"Non permanent","nameNonLocalized":"Non permanent","query":{"query":{"value":":relevance:facetCategories:v2HYGHAICOLNON%7Cv2HYGHAICOL%7Cv2HYGHAI%7Cv2HYG","__typename":"InternalPageQuery"},"url":"/nl-be/shop/search?q=%3Arelevance%3AfacetCategories%3Av2HYGHAICOLNON%257Cv2HYGHAICOL%257Cv2HYGHAI%257Cv2HYG","__typename":"PageQuery"},"selected":false,"__typename":"CategorySearchTreeFacetData"},"subCategories":[],"__typename":"CategorySearchTreeData"},"__typename":"CategorySearchTreeLevelDataList"},{"categoryCode":"v2HYGHAIFIXLAQ","categoryData":{"facetData":{"count":23,"name":"Haarlak","nameNonLocalized":"Hair spray","query":{"query":{"value":":relevance:facetCategories:v2HYGHAIFIXLAQ%7Cv2HYGHAIFIX%7Cv2HYGHAI%7Cv2HYG","__typename":"InternalPageQuery"},"url":"/nl-be/shop/search?q=%3Arelevance%3AfacetCategories%3Av2HYGHAIFIXLAQ%257Cv2HYGHAIFIX%257Cv2HYGHAI%257Cv2HYG","__typename":"PageQuery"},"selected":false,"__typename":"CategorySearchTreeFacetData"},"subCategories":[],"__typename":"CategorySearchTreeData"},"__typename":"CategorySearchTreeLevelDataList"},{"categoryCode":"v2SALSOUBIGLIE","categoryData":{"facetData":{"count":23,"name":"Liebig","nameNonLocalized":"Liebig","query":{"query":{"value":":relevance:facetCategories:v2SALSOUBIGLIE%7Cv2SALSOUBIG%7Cv2SALSOU%7Cv2SAL","__typename":"InternalPageQuery"},"url":"/nl-be/shop/search?q=%3Arelevance%3AfacetCategories%3Av2SALSOUBIGLIE%257Cv2SALSOUBIG%257Cv2SALSOU%257Cv2SAL","__typename":"PageQuery"},"selected":false,"__typename":"CategorySearchTreeFacetData"},"subCategories":[],"__typename":"CategorySearchTreeData"},"__typename":"CategorySearchTreeLevelDataList"},{"categoryCode":"v2BIOISBIOFRUFRU","categoryData":{"facetData":{"count":22,"name":"Vers Fruit","nameNonLocalized":"Fresh fruits","query":{"query":{"value":":relevance:facetCategories:v2BIOISBIOFRUFRU%7Cv2BIOISBIOFRU%7Cv2BIOISBIO%7Cv2BIO","__typename":"InternalPageQuery"},"url":"/nl-be/shop/search?q=%3Arelevance%3AfacetCategories%3Av2BIOISBIOFRUFRU%257Cv2BIOISBIOFRU%257Cv2BIOISBIO%257Cv2BIO","__typename":"PageQuery"},"selected":false,"__typename":"CategorySearchTreeFacetData"},"subCategories":[],"__typename":"CategorySearchTreeData"},"__typename":"CategorySearchTreeLevelDataList"},{"categoryCode":"v2DELSIDPOTMAS","categoryData":{"facetData":{"count":22,"name":"Puree","nameNonLocalized":"Mashed potatoes","query":{"query":{"value":":relevance:facetCategories:v2DELSIDPOTMAS%7Cv2DELSIDPOT%7Cv2DELSID%7Cv2DEL","__typename":"InternalPageQuery"},"url":"/nl-be/shop/search?q=%3Arelevance%3AfacetCategories%3Av2DELSIDPOTMAS%257Cv2DELSIDPOT%257Cv2DELSID%257Cv2DEL","__typename":"PageQuery"},"selected":false,"__typename":"CategorySearchTreeFacetData"},"subCategories":[],"__typename":"CategorySearchTreeData"},"__typename":"CategorySearchTreeLevelDataList"},{"categoryCode":"v2DRISOFSPAORA","categoryData":{"facetData":{"count":22,"name":"Orange","nameNonLocalized":"Orange flavored sparkling sodas","query":{"query":{"value":":relevance:facetCategories:v2DRISOFSPAORA%7Cv2DRISOFSPA%7Cv2DRISOF%7Cv2DRI","__typename":"InternalPageQuery"},"url":"/nl-be/shop/search?q=%3Arelevance%3AfacetCategories%3Av2DRISOFSPAORA%257Cv2DRISOFSPA%257Cv2DRISOF%257Cv2DRI","__typename":"PageQuery"},"selected":false,"__typename":"CategorySearchTreeFacetData"},"subCategories":[],"__typename":"CategorySearchTreeData"},"__typename":"CategorySearchTreeLevelDataList"},{"categoryCode":"v2FRUREAPREOTH","categoryData":{"facetData":{"count":22,"name":"Andere voorgesneden groenten","nameNonLocalized":"Other pre-cut vegetables","query":{"query":{"value":":relevance:facetCategories:v2FRUREAPREOTH%7Cv2FRUREAPRE%7Cv2FRUREA%7Cv2FRU","__typename":"InternalPageQuery"},"url":"/nl-be/shop/search?q=%3Arelevance%3AfacetCategories%3Av2FRUREAPREOTH%257Cv2FRUREAPRE%257Cv2FRUREA%257Cv2FRU","__typename":"PageQuery"},"selected":false,"__typename":"CategorySearchTreeFacetData"},"subCategories":[],"__typename":"CategorySearchTreeData"},"__typename":"CategorySearchTreeLevelDataList"}],"level":"4","__typename":"CategorySearchTreeLevel"}],"__typename":"CategoryProductSearchList"}}}
